3150 5160
357 349 416 413 lto
683 361 908 407 narunamsnus
930 363 966 405 au
988 363 1164 408 urrnrsuus.

356 511 475 576 ducant,
500 518 530 566 et
555 508 658 565 ideireo
683 507 818 579 quidquid
844 506 873 563 in
899 507 1003 564 sanctis
1029 507 1131 565 litteris
1156 510 1368 580 supernaturale
1393 507 1500 566 ridetur

356 614 529 670 nequaquam
543 597 653 670 prohari
668 612 750 668 posse
767 607 942 664 asseverent3
955 606 984 652 at
996 608 1075 654 cavet
1091 598 1255 672 hfythismus
1276 615 1312 655 ne
1330 614 1407 656 mere
1421 609 1500 657 natu·

356 688 425 743 ralia
447 687 521 743 dicat
539 685 609 741 faeta
632 702 694 756 quae
711 703 727 741 a
747 687 930 758 scriptoribus
949 689 1036 744 sacris
1055 704 1106 744 eeu
1132 690 1355 761 supernaturalia
1376 690 1500 747 referun-

356 789 411 834 tur.
433 776 504 845 Quid
522 773 624 849 igitur?
643 777 714 830 Dum
734 776 870 848 ejusmodi
888 776 1022 834 factorum
1038 779 1184 835 veritatem
1203 779 1365 836 historicam
1378 782 1501 854 agnoscit

355 886 389 927 ae
406 877 501 926 tuetur
519 867 740 934 Naturalismus,
761 867 944 924 rationalismi
959 868 1074 941 mythici
1090 869 1199 940 patroni
1213 885 1274 925 eam
1288 871 1442 946 negandam
1454 881 1500 927 aut

357 969 432 1018 certe
450 976 507 1015 non
522 958 674 1014 curandam
694 966 834 1025 statuunt,
853 958 1036 1015 decernentes
1057 960 1128 1015 tales
1142 957 1316 1013 narrationes
1334 973 1369 1013 ex
1385 967 1443 1014 toto
1455 973 1500 1013 ac-

356 1050 509 1108 censendas
531 1048 649 1105 esselis
675 1064 743 1119 quas
765 1049 838 1119 apud
862 1059 975 1106 remotae
999 1047 1172 1121 antiquitatis
1195 1045 1324 1119 profanos
1350 1047 1500 1118 scriptores

357 1140 537 1205 offendimus,
551 1147 579 1195 et
591 1152 625 1194 ex
638 1137 739 1208 quihus
753 1147 916 1205 mustacea,
932 1155 1015 1211 quam
1028 1154 1175 1204 vocamus,
1188 1137 1363 1193 ethnicorum
1377 1137 1499 1211 gentium

357 1229 534 1300 mythologie.

395 1321 489 1389 ltaque
508 1314 681 1372 narrationes
695 1315 757 1372 illas
770 1317 916 1374 universas
937 1318 1024 1374 veluti
1047 1318 1162 1375 totidem
1182 1318 1291 1392 mythos
1309 1318 1413 1374 habent
1426 1334 1433 1374 :
1448 1335 1499 1390 quo

358 1409 463 1482 posito,
490 1423 545 1464 non
568 1405 687 1477 amplius
707 1407 799 1462 oleum
818 1415 845 1463 et
871 1423 982 1478 operam
1005 1408 1125 1480 perdunt
1155 1417 1186 1464 ut
1212 1409 1361 1481 Scripturae
1388 1425 1498 1466 sensnm

358 1496 525 1560 truncando,
553 1495 645 1566 aliqua
674 1496 733 1551 veri
761 1496 853 1568 speeie
880 1498 1034 1554 secundum
1059 1497 1243 1554 rationaiismi
1276 1497 1412 1570 principia
1432 1497 1499 1554 facta

358 1586 524 1641 miraculosa
550 1584 789 1656 interpretentur;
818 1586 846 1642 id
874 1586 950 1642 enim
980 1588 1038 1660 jam
1063 1602 1178 1642 necesse
1201 1602 1257 1642 nou
1283 1594 1341 1654 est;
1369 1587 1419 1643 sed
1445 1588 1499 1645 hare

359 1674 450 1730 omnia
475 1673 613 1745 explicant
637 1690 691 1731 non
714 1690 796 1731 secus
822 1691 855 1731 ae
880 1675 1052 1750 intelligeres
1077 1676 1186 1750 mythos
1209 1675 1285 1733 Joris
1305 1686 1355 1731 aut
1379 1676 1498 1733 Saturni.

359 1763 494 1832 Quoniam
516 1778 616 1834 nempe
640 1763 728 1821 Biblia
754 1766 919 1836 pervolvunt
940 1781 973 1821 eo
994 1765 1087 1822 animo
1108 1781 1163 1836 qno
1185 1765 1297 1822 llomeri
1320 1766 1434 1822 lliadem
1454 1776 1499 1823 aut

358 1854 472 1911 Hesiodi
492 1853 677 1926 Theogoniam
699 1853 832 1928 legimus,
859 1855 994 1927 quidquid
1015 1864 1115 1927 praeter
1134 1865 1280 1912 consuetas
1302 1865 1409 1912 naturae
1428 1858 1499 1930 leges

358 1942 496 2009 occurrit,
510 1941 580 1997 illud
598 1941 701 2015 mythis
714 1951 909 1999 annumerant.

395 2031 550 2102 Antequam
563 2032 688 2086 omnium
706 2030 793 2089 ferme
812 2033 921 2089 animos
934 2044 1119 2092 commoveret
1135 2044 1307 2107 teneretque
1324 2035 1450 2102 stranea,
1472 2036 1498 2091 in

359 2125 451 2180 lucem
472 2123 578 2180 edendo
596 2139 679 2179 suum
697 2124 731 2180 de
750 2125 807 2182 rita
824 2125 892 2182 Jesu
908 2124 1025 2192 librum,
1040 2125 1178 2183 horrenda
1196 2142 1228 2182 ae
1241 2124 1390 2198 perfrigida
1403 2126 1499 2197 impie·

358 2222 416 2269 tate
437 2213 632 2285 conspicuum,
650 2213 824 2285 jamdudum
844 2215 873 2270 in
885 2214 1025 2288 exegesim
1038 2215 1140 2286 partim
1153 2216 1253 2272 saltem
1272 2213 1400 2271 invectus
1413 2213 1499 2270 fuerat

360 2302 539 2377 Mythismus.
554 2303 614 2371 Quo
628 2303 702 2359 euim
721 2313 845 2376 tempore
862 2305 941 2360 Pauli
955 2303 1054 2376 placita
1072 2303 1154 2378 longe
1166 2305 1276 2376 lateque
1289 2304 1499 2361 dominabantur

360 2401 389 2449 et
412 2408 510 2449 omnes
531 2408 602 2465 pene
624 2393 810 2450 rationalistas
832 2394 975 2468 theologos
997 2394 1141 2460 tenebant,
1164 2394 1291 2450 nonnulli
1314 2393 1430 2451 extitere
1454 2394 1498 2466 qui

359 2480 543 2538 rationallsmi
571 2481 685 2555 mythici
713 2499 825 2540 eausam
851 2492 997 2541 tuerentur
1018 2492 1046 2540 et
1068 2500 1132 2540 eum
1156 2485 1190 2541 ad
1210 2484 1345 2557 quasdam
1366 2484 1499 2542 librorum

359 2589 501 2630 sacrorum
516 2581 607 2644 partes
621 2575 829 2631 accommodare
842 2574 1049 2631 contenderent.
1477 2594 1479 2599 ¹

397 2661 480 2719 lnitio
503 2662 533 2717 in
555 2671 639 2718 vetus
662 2671 770 2718 tantum
793 2652 1004 2720 Testamentum
1032 2665 1126 2721 oculos
1149 2665 1343 2735 conjecerunt,
1376 2664 1498 2722 arbitrati

359 2753 595 2825 quamplurimas
615 2752 676 2824 ejus
693 2751 842 2823 particulas
860 2753 980 2825 mythice
999 2753 1176 2824 explicandas
1198 2770 1275 2822 esse;
1295 2755 1322 2810 id
1341 2755 1445 2828 qnippe
1460 2755 1498 2811 eis

360 2842 478 2898 suadere
496 2843 641 2898 videbatur
660 2842 750 2913 prisca
769 2851 797 2898 et
816 2842 947 2898 incultior
963 2852 1030 2898 aetas
1049 2859 1101 2914 qua
1120 2842 1269 2900 condatum
1291 2844 1397 2912 fuerat,
1413 2861 1500 2916 quan-

361 2931 510 3003 doquidem
523 2931 605 2987 istius
623 2931 674 2987 aeui
688 2932 791 3003 scripta
804 2948 865 3003 quae
886 2933 966 2988 nohis
979 2932 1059 2988 obvia
1078 2933 1148 2988 liunt
1165 2933 1238 3004 apud
1260 2934 1385 2990 ethnicas
1407 2943 1499 3008 gentes

361 3020 415 3074 hae
432 3020 539 3076 ratione
558 3020 733 3091 interpretari
752 3023 889 3090 solemus;
908 3037 961 3078 nec
979 3038 1045 3078 vero
1066 3023 1216 3093 apparebat
1233 3038 1284 3078 cur
1302 3038 1380 3079 saera
1397 3023 1499 3094 judaeo-

361 3124 426 3164 rum
439 3117 618 3164 monumenta
631 3125 687 3166 non
698 3110 799 3167 iisdem
812 3112 914 3183 quibus
928 3120 1089 3168 caeterorum
1105 3111 1271 3184 populorum
1290 3111 1399 3186 legibus
1417 3113 1500 3183 subji-

363 3207 502 3255 ceremur.

399 3287 471 3343 llinc
493 3287 592 3344 Gabler
615 3284 660 3361 (l)
684 3296 713 3342 et
737 3286 877 3363 schelling
900 3287 948 3362 (ἢ)
973 3289 1176 3346 constituerant
1197 3289 1285 3363 mythi
1307 3290 1448 3348 notionem
1472 3291 1500 3348 in

362 3377 524 3435 universum
544 3377 762 3434 transferendam
783 3378 818 3434 ad
840 3379 986 3435 historiam
1009 3379 1105 3434 mundi
1127 3379 1296 3450 primitivam
1317 3379 1377 3436 sive
1399 3396 1501 3437 sacrant

361 3468 421 3525 sive
434 3467 592 3539 profanam;
605 3468 745 3524 Eichhorn
758 3467 818 3540 ipse
831 3469 919 3540 prima
933 3468 1072 3526 Geneseos
1090 3470 1179 3540 capita
1193 3470 1313 3542 mythice
1326 3471 1501 3546 intelligenda

359 3557 545 3631 judicaverat,
562 3568 645 3629 atque
663 3558 750 3614 multo
770 3559 879 3632 longius
898 3573 1061 3634 progressus
1081 3558 1184 3627 Bauer,
1205 3558 1283 3633 auno}
1302 3560 1374 3616 itta
1400 3563 1501 3632 lfytlto

362 3650 464 3720 logium
481 3649 637 3704 hebraicum
656 3648 789 3704 ediderat.
808 3649 891 3705 Vater
915 3657 943 3705 et
961 3649 1000 3705 Dc
1024 3647 1115 3705 Wette
1135 3649 1199 3706 istis
1223 3649 1345 3706 decretis
1367 3652 1501 3708 calculum

364 3755 475 3812 quoque
494 3740 663 3812 adjecerant.

401 3830 496 3901 ltaque
509 3839 629 3903 systema
644 3828 796 3903 mythicum
812 3844 985 3902 nequaquam
1004 3830 1127 3888 condidit
1139 3829 1266 3898 Strauss,
1286 3830 1336 3888 sed
1354 3831 1430 3888 varia
1442 3830 1500 3902 ejus

364 3918 544 3986 lineamenta,
554 3936 616 3990 quae
628 3920 725 3976 multis
737 3929 802 3976 ante
811 3921 893 3977 annis
905 3937 921 3977 a
932 3922 1060 3994 pluribus
1069 3921 1203 3994 theologis
1214 3921 1395 3979 rationalistis
1407 3921 1500 3977 adum-

363 4009 442 4068 hrata
465 4007 716 4084 fuerant,·eollegit
734 4008 919 4082 perfecitque,
940 4021 968 4067 et
987 4009 1085 4082 majori
1105 4009 1219 4066 audacia
1235 4025 1285 4066 seu
1306 4011 1398 4083 potius
1412 4010 1499 4082 impu-

398 4194 443 4260 (l)
464 4196 518 4246 Vfd.
530 4195 674 4260 Einlcituny
686 4212 717 4246 zu
732 4197 877 4248 Eichhorrt'a
887 4199 1002 4262 Urqcaclt.
1018 4198 1050 4259 ll,
1066 4212 1091 4265 p.
1103 4201 1150 4249 481
1164 4214 1234 4266 sqq„
1248 4201 1321 4252 1792.

396 4274 444 4340 (2)
462 4275 509 4343 dp.
521 4273 646 4337 Paulum,
660 4279 857 4344 damnatitiis,
872 4279 985 4342 ismiel,
1002 4295 1029 4347 p.
1042 4284 1055 4330 l
1069 4294 1137 4347 sqq,
1154 4282 1228 4330 laea.
