3166 5168
483 368 507 412 s.
530 367 684 424 insumus,
706 365 865 412 nrtscorus
886 363 1099 410 nuonuunusrs.
1310 356 1347 415 ll

253 513 326 570 hlibi
345 511 447 584 saepius
465 513 589 570 eamdem
608 511 705 585 pandit
727 511 902 569 sententiam.
923 509 968 568 Sic
986 511 1034 568 lib.
1054 512 1097 578 lll,
1116 527 1140 568 o.
1162 513 1213 581 53,
1230 531 1259 570 n.
1279 516 1294 572 7
1314 517 1353 575 ait
1431 576 1433 580 ,

215 602 290 659 idem
303 616 365 659 esse
378 610 455 658 extra
467 602 619 660 Ecclesiam
632 612 715 676 atque
727 613 805 659 extra
818 602 963 658 veritatem
975 603 1081 659 uersari
1092 604 1272 662 :cludicahit
1286 606 1352 681 (ve-

215 707 265 748 rus
278 692 382 749 Christi
400 692 572 767 discipulus)
587 703 679 750 autem
697 700 725 749 et
740 707 838 749 omnes
850 706 899 749 eos
913 691 961 763 qui
975 701 1041 748 sunt
1057 701 1134 748 extra
1147 695 1307 763 veritatem,
1321 700 1352 753 id

215 791 268 848 est,
281 786 328 855 qui
340 790 404 838 aaut
417 789 496 839 entra
507 784 664 840 Ecclesiam.
679 802 694 835 u
1138 784 1140 790 ’

252 873 406 944 Antequam
430 872 562 929 lrenaeum
581 873 743 937 mittamus,
759 873 892 928 nonnulla
915 881 1021 928 restant
1042 873 1195 945 adjicienda
1211 873 1246 931 de
1264 877 1352 934 sacris

216 961 378 1033 Scripturis.
401 961 504 1018 Statuit
522 979 570 1019 eas
590 965 624 1020 ab
642 962 765 1020 Ecclesia
783 962 891 1037 sejungi
905 964 986 1020 uullo
1005 973 1084 1035 pacto
1103 980 1199 1036 posse,
1218 966 1352 1038 docetque

215 1050 279 1108 illas
307 1052 342 1109 ab
368 1051 498 1108 Ecclesiae
525 1054 683 1128 magisterio
713 1062 820 1110 tantum
845 1053 966 1127 integras
997 1054 1117 1122 servari,
1143 1055 1262 1111 maxime
1286 1072 1353 1114 vero

215 1142 250 1199 ab
275 1142 328 1198 hoc
349 1142 455 1209 solum,
479 1143 522 1200 vel
543 1144 666 1216 ejusdem
691 1159 845 1211 consensu,
871 1144 924 1200 rite
950 1151 978 1200 et
1006 1144 1070 1200 sine
1097 1143 1220 1215 periculo
1241 1144 1295 1220 legi
1324 1156 1353 1204 et

214 1232 337 1304 exponi:
354 1233 472 1306 sicergo
492 1233 613 1304 loquitur
632 1249 638 1289 :
655 1233 794 1308 «Agnitio
813 1239 937 1307 (γνωσις)
956 1247 1020 1288 vera
1033 1231 1077 1308 (l)
1099 1243 1142 1289 εει
1158 1233 1352 1305 Apostolorum

211 1322 354 1388 doctrina,
376 1332 404 1378 et
424 1323 554 1395 antiquus
573 1323 702 1380 Ecclesiae
718 1331 823 1388 status,
838 1322 867 1377 in
884 1322 1015 1379 universo
1034 1323 1151 1386 mundo,
1167 1332 1194 1379 et
1211 1324 1353 1383 character

216 1413 340 1485 corporis
359 1412 462 1469 Christi
487 1413 640 1470 secundum
662 1414 852 1470 successiones
870 1413 1079 1484 episcoporum,
1096 1413 1197 1485 quibus
1216 1414 1256 1470 illi
1275 1430 1350 1483 eam,

213 1520 278 1576 quae
291 1504 319 1558 in
342 1519 508 1576 unoquoque
524 1504 584 1560 loco
604 1512 660 1570 est,
679 1503 824 1558 ecclesiam
839 1502 1032 1558 tradiderunt:
1050 1518 1112 1573 quae
1128 1504 1252 1575 pervenit
1264 1521 1353 1578 usque

215 1595 251 1651 ad
264 1611 315 1651 nos
328 1594 511 1652 custoditione
524 1594 585 1649 sine
598 1592 708 1649 fictione
718 1592 921 1665 scripturarum
936 1592 1061 1649 tractatio
1072 1593 1249 1665 plenissima,
1263 1612 1353 1668 neque

212 1684 435 1741 additamentum
456 1699 546 1755 neque
564 1683 730 1739 ablationem
750 1681 906 1754 recipiens;
926 1692 954 1738 et
971 1684 1053 1741 lectio
1070 1684 1130 1740 sine
1148 1684 1305 1752 falsatione,
1325 1698 1353 1745 et

216 1777 368 1834 secundnm
386 1776 543 1847 Scripturas
568 1773 703 1844 expositio
723 1772 860 1846 legitima,
886 1782 914 1828 et
932 1773 1066 1848 diligens,
1087 1783 1114 1830 et
1132 1775 1194 1831 sine
1212 1778 1351 1848 periculo,

216 1875 245 1922 et
258 1867 318 1922 sinc
330 1865 501 1937 blasphemia
515 1861 570 1939 (E).
586 1883 601 1916 »
610 1895 649 1904 —
660 1863 734 1920 hlibi
753 1873 845 1919 autem
865 1863 924 1920 haec
937 1864 1020 1921 habet
1034 1882 1041 1921 ε
1056 1885 1070 1917 u
1084 1865 1135 1923 Ubi
1150 1866 1234 1939 igitur
1246 1867 1352 1925 charis·

216 1965 290 2014 mata
309 1957 419 2015 Domini
438 1955 527 2028 posita
548 1963 631 2022 sunt,
651 1954 690 2010 ibi
709 1949 821 2010 discere
837 1961 945 2026 oportet
963 1954 1123 2022 veritatem,
1136 1954 1208 2027 apud
1227 1972 1297 2028 quos
1309 1967 1353 2014 est

213 2047 250 2101 ab
268 2046 407 2118 hpostolis
421 2047 551 2103 Ecclesiae
569 2046 724 2114 successio,
744 2055 772 2102 ει
788 2047 817 2102 id
835 2045 908 2116 quod
929 2054 972 2101 est
992 2061 1089 2100 sanum
1108 2054 1137 2100 et
1155 2046 1353 2117 irreprobabile

216 2137 450 2204 conversationis,
470 2146 498 2193 et
516 2136 729 2192 inadulteratum
747 2144 775 2192 et
795 2135 1004 2207 incorruptibile
1024 2135 1160 2191 sermonis
1179 2147 1297 2193 constet.
1317 2139 1351 2194 lli

216 2228 293 2284 enim
311 2236 338 2283 et
355 2243 416 2284 eam
437 2236 554 2299 quaeest
572 2227 601 2282 in
621 2242 708 2282 uuum
727 2227 830 2293 Deum,
852 2225 900 2297 qui
919 2224 1105 2291 omisserit,
1128 2225 1210 2281 iidem
1229 2237 1351 2283 nostram

214 2317 389 2374 custodiunt.
400 2356 426 2372 ..
454 2325 482 2372 ει
500 2315 659 2387 Scripturas
676 2317 735 2370 siue
749 2315 871 2386 periculo
889 2314 966 2370 uobis
985 2320 1139 2385 coporeum,
1156 2331 1247 2386 neque
1265 2317 1352 2372 Deum
1405 2307 1407 2312 ’

214 2406 452 2478 blasphemantes,
471 2421 561 2477 neque
582 2404 756 2462 Patriarchas
775 2405 990 2469 exhonorantes,
1011 2420 1100 2476 neque
1120 2407 1269 2478 Prophetas
1286 2424 1351 2464 con·

214 2507 370 2554 temnentes
390 2495 447 2572 (5).
460 2515 474 2549 »
493 2528 530 2537 —
547 2496 643 2568 ltaque
659 2511 690 2551 ea
708 2512 770 2567 quae
788 2494 944 2567 Scripturas
964 2495 1038 2551 inter
1056 2504 1085 2550 et
1099 2495 1251 2552 Ecclesiam
1268 2497 1354 2553 inter-

215 2587 289 2642 cedit
308 2586 503 2652 necessitudo,
518 2594 549 2642 ut
568 2586 625 2642 illae
646 2585 707 2641 sine
729 2586 780 2641 hae
798 2600 850 2641 nec
870 2585 984 2658 integrae
1005 2585 1109 2641 servari
1131 2600 1182 2641 nec
1198 2587 1352 2657 praesertim

214 2685 290 2732 recte
308 2677 408 2749 exponi
430 2676 537 2747 possint
557 2691 564 2730 ε
586 2691 670 2748 penes
690 2675 842 2732 Ecclesiam
860 2691 925 2750 ergo
941 2685 1049 2732 tantum
1067 2684 1110 2732 est
1131 2685 1220 2743 recta,
1242 2685 1302 2732 tnta
1320 2693 1353 2734 ac

216 2765 339 2839 legitima
360 2765 565 2836 scripturarum
585 2765 730 2836 expositio.

252 2854 342 2925 Atque
354 2854 393 2909 ita
407 2853 517 2909 tandem
535 2869 569 2909 ex
585 2853 720 2909 hactenus
734 2854 824 2910 allatis
843 2854 938 2910 lreneei
952 2855 1021 2910 locis
1040 2852 1135 2910 existit
1148 2864 1268 2927 systema
1288 2872 1351 2928 per·

216 2942 318 3000 lectum
341 2953 369 3001 et
390 2944 547 3001 absolutum
568 2944 602 3000 de
627 2943 758 2999 methodo
778 2942 964 3000 institutionis
984 2951 1011 2998 et
1032 2944 1213 3000 auctoritatis.
1236 2945 1279 3002 hd
1298 2947 1352 3004 alia

215 3035 417 3108 progredimur.

755 3180 808 3255 pc.

679 3378 884 3418 TERTULLthUS.

253 3578 372 3635 Dubium
392 3577 500 3634 nullum
524 3577 628 3635 moveri
643 3586 733 3650 potest
751 3578 824 3635 circa
843 3593 935 3634 reram
951 3576 1115 3634 Tertulliani
1133 3575 1297 3633 sententiam
1316 3577 1351 3634 de

216 3667 263 3724 via
280 3684 313 3724 ac
334 3668 440 3724 ratione
458 3683 512 3740 qua
534 3677 594 3725 tum
616 3667 748 3725 tradenda
771 3681 830 3724 tum
852 3666 1039 3725 conservanda
1064 3667 1102 3724 sit
1125 3666 1234 3741 religio;
1259 3676 1350 3724 ratum

218 3760 293 3815 enim
309 3775 343 3816 ac
361 3768 469 3816 certum
488 3759 600 3830 penitus
613 3767 656 3814 est
669 3759 760 3830 ipsum
774 3776 828 3817 non
842 3759 941 3831 priuati
958 3758 1056 3830 judicii
1078 3767 1126 3814 aut
1138 3757 1287 3824 examinis,
1302 3759 1351 3815 sed

217 3849 401 3905 iustitutionis
411 3856 494 3920 atque
506 3848 678 3905 auctoritatis
689 3848 849 3906 methodum
862 3850 991 3907 docuisse
1002 3858 1032 3905 et
1043 3863 1240 3922 propugnasse.
1248 3848 1350 3916 Quam-

217 3938 312 3994 obrem
338 3938 362 3994 si
381 3939 514 3995 adversus
532 3947 716 4012 pmtestentcs
736 3949 844 3997 tantum
864 3940 900 3997 lis
922 3940 1002 3996 nobis
1025 3938 1110 4007 soret,
1130 3940 1203 3997 baud
1219 3939 1265 3995 din
1283 3955 1350 3996 sane

249 4115 275 4179 (l
285 4118 295 4178 )
306 4115 418 4184 Opponit
428 4131 514 4167 reram
525 4133 615 4184 γνωσιν
627 4117 696 4170 ialsae
708 4133 796 4187 procu
810 4118 991 4187 gnosticorum.

249 4198 295 4263 (E)
306 4200 359 4248 bib.
372 4199 418 4259 lV,
430 4214 452 4249 c.
465 4202 510 4260 53,
524 4215 549 4249 n.
563 4201 588 4250 8.

247 4281 294 4345 (5)
306 4281 359 4330 tto.
373 4281 451 4342 lV‚c.
463 4283 508 4342 26,
521 4297 548 4332 n.
562 4286 585 4332 5.
