3150 5160
398 365 751 423 s.nas1n1us,cmsanum
768 365 1144 410 cnauauociaantsconus.
1311 353 1353 411 67

208 513 330 571 methodi
346 512 527 571 oeconomiam
543 529 549 568 :
566 512 646 575 «At,
667 527 702 566 ne
721 526 849 582 separes,
870 511 922 572 ait,
943 527 958 567 a
982 513 1064 568 Patre
1080 522 1108 568 et
1127 511 1197 566 Filio
1217 510 1353 583 Spiritum

209 604 505 670 sanctum,udsterreat
522 611 545 658 te
561 603 686 658 traditio.
699 601 745 658 Sic
759 602 893 655 Dominus
905 603 1012 668 docuit,
1023 605 1205 673 proedicacerc
1218 604 1353 674 Apostoli,

209 693 301 748 Patres
319 709 524 756 conservavero,
549 693 742 760 confirmavere
760 696 895 759 martyres
914 690 971 764 (ll.
989 711 1004 743 u

243 785 334 855 Atque
351 783 396 838 liic
421 782 548 854 quidem,
565 780 638 852 quod
664 778 696 834 ad
722 779 856 834 Basiliam
880 781 995 845 attinet,
1022 783 1105 837 linem
1124 781 1242 838 orationi
1261 782 1354 840 lacere

209 889 370 944 possemus;
387 874 469 943 plane
490 873 565 927 enim
585 887 619 926 ex
643 869 727 926 dietis
747 869 894 926 coniicitur
916 886 950 926 ex
969 873 1059 927 sancti
1078 871 1199 927 doctoris
1213 875 1352 929 sententia

209 973 236 1019 ct
254 965 381 1037 dogmata
402 979 456 1018 nou
476 963 579 1032 scripta
599 971 720 1024 exstare,
735 961 939 1043 ettraditionis
956 970 1040 1032 atque
1056 961 1229 1018 auctoritatis
1242 963 1350 1019 methu-

209 1054 274 1110 dum
289 1054 371 1110 unice
389 1068 483 1109 veram
495 1061 524 1107 et
537 1051 688 1124 legitimam
707 1065 778 1106 csse.
936 1076 947 1109 ι

246 1142 380 1211 Quoniam
396 1154 489 1199 tamen
507 1151 693 1213 protestantes
711 1139 759 1214 (il
785 1140 869 1196 verba
891 1141 1018 1211 quiedam
1040 1141 1113 1211 apud
1137 1141 1272 1197 Basiliam
1296 1143 1350 1198 sibi

209 1232 416 1303 deprehendere
427 1233 558 1289 videntur
571 1249 604 1289 ex
617 1232 720 1303 quihus
737 1240 922 1302 consequatur
939 1248 1024 1287 unam
1044 1231 1216 1303 Scripturam
1236 1242 1267 1288 ut
1286 1232 1350 1288 lidei

209 1322 312 1378 iontem
333 1338 366 1379 ac
389 1323 512 1396 regulam
528 1338 591 1379 esse
614 1322 782 1386 habendam,
802 1321 865 1377 ideo
890 1322 1031 1395 paulisper
1054 1321 1247 1393 perpendenda
1276 1322 1350 1387 haec,

210 1430 292 1485 quarn
305 1413 417 1477 dicunt,
435 1412 595 1469 dillicultas.

247 1504 273 1559 ls
292 1513 335 1559 est
353 1512 444 1558 autem
464 1519 547 1574 quem
565 1511 707 1573 tantopere
723 1500 867 1558 venditant
885 1499 981 1555 Basilii
1000 1501 1101 1557 locus:
1122 1500 1351 1568 «criminantur,
1401 1498 1403 1503 ’

211 1595 313 1665 inquit,
327 1595 400 1665 quod
420 1609 502 1649 unam
522 1593 688 1656 bonitatem,
705 1600 733 1647 et
751 1607 835 1646 unam
854 1589 1006 1661 potentiam
1028 1601 1056 1647 et
1075 1607 1157 1647 uuam
1178 1592 1352 1648 divinitatem

209 1684 345 1740 dicamus.
364 1685 459 1755 Neque
479 1684 505 1739 id
526 1692 602 1740 extra
621 1682 766 1737 veritatem
780 1698 786 1736 :
802 1681 921 1737 dicimus
940 1682 1024 1736 enlm.
1046 1682 1100 1738 Sed
1119 1683 1290 1740 criminando
1303 1685 1353 1740 ob-

208 1775 322 1844 jiciunt,
340 1790 394 1829 uon
415 1775 456 1829 sic
476 1789 554 1829 suam
575 1772 676 1827 habere
693 1769 937 1836 consuetudinem,
951 1762 1004 1825 uec
1023 1769 1193 1840 Scripturam
1211 1773 1351 1828 assentiri.

211 1864 284 1933 Quid
301 1865 386 1937 igitur
399 1865 432 1920 ad
450 1864 503 1919 hoc
518 1878 627 1934 quoquc
647 1859 716 1917 nos?
728 1861 787 1916 Non
806 1869 936 1932 putamus
953 1876 1062 1931 aequum
1080 1875 1159 1926 esse,
1172 1869 1203 1916 ut
1214 1861 1354 1934 vigentem

210 1955 285 2025 apud
303 1954 378 2026 ipsos
396 1954 639 2019 consuetudinem,
659 1961 742 2007 rectae
759 1949 892 2005 doctrinae
911 1950 998 2022 legem
1019 1959 1047 2005 et
1066 1965 1191 2005 normam
1208 1951 1352 2008 ducamus.

211 2045 320 2102 Etenim
340 2046 365 2100 si
383 2045 457 2100 valet
473 2043 507 2098 ad
526 2053 608 2099 rectae
619 2042 752 2098 doctrinae
766 2041 1031 2095 demonstrationem
1048 2040 1235 2105 cousuetudo,
1250 2040 1314 2096 licet
1327 2051 1355 2097 et

202 2134 293 2194 nobis
315 2134 437 2206 prolecto
456 2134 590 2189 usitatum
609 2131 682 2204 apud
703 2147 752 2186 nos
775 2143 880 2184 morem
903 2143 1051 2198 opponere.
1073 2126 1151 2196 Quod
1172 2128 1196 2182 si
1216 2129 1292 2185 liunc
1313 2130 1353 2185 illi

211 2226 357 2296 rejiciunt,
371 2239 461 2295 neque
480 2224 560 2280 nobis
574 2240 688 2295 prorsus
705 2223 768 2276 illos
782 2219 860 2290 sequi
877 2233 1001 2274 necesse.
1019 2217 1112 2288 Itaque
1124 2218 1271 2289 Scriptura
1283 2220 1356 2274 dioi-

211 2317 290 2369 nitus
308 2316 447 2384 inspirata
465 2315 543 2369 nobis
560 2317 596 2368 sit
614 2314 738 2374 arbitra·
754 2317 779 2366 et
796 2310 872 2380 apud
890 2326 956 2380 quos
975 2311 1085 2364 inventa
1102 2309 1206 2376 suerint
1224 2311 1352 2381 duqmutc

212 2408 317 2462 divinis
334 2407 422 2460 verbis
440 2421 572 2469 consenc,
588 2406 625 2459 ud
642 2421 685 2458 coa
701 2404 803 2457 uccedct
822 2400 932 2455 omnino
949 2401 1072 2455 veritalis
1088 2399 1252 2470 suffruqium
1268 2399 1322 2473 (ὅ).
1337 2421 1350 2452 n

251 2497 305 2552 Bes
326 2511 391 2569 ergo
413 2495 441 2549 in
465 2503 592 2566 promptu
616 2504 674 2561 est,
695 2493 826 2564 inquiunt
843 2491 1010 2557 adversarii,
1030 2491 1151 2546 Basilius
1173 2491 1351 2547 traditionem

214 2585 305 2655 rejicit
318 2594 346 2640 et
363 2585 411 2639 uni
428 2584 578 2655 Scripturas
593 2584 675 2638 fidem
695 2582 850 2638 habendam
868 2596 930 2636 esse
947 2581 1062 2652 iudicat.

251 2674 307 2746 Ego
328 2687 395 2727 vero
416 2672 504 2726 abiis
522 2685 615 2741 quaero
636 2687 691 2742 qua
712 2671 824 2726 taudem
842 2671 948 2726 ratione
970 2687 1002 2726 ex
1023 2671 1074 2727 hoc
1091 2672 1151 2726 loco
1167 2686 1264 2741 reapse
1285 2686 1352 2726 cou-

213 2762 341 2826 liciatur,
364 2771 459 2815 sanctu
481 2759 593 2813 doctore
614 2769 700 2819 teste,
724 2763 755 2814 in
777 2764 936 2815 uniuersum
959 2761 1068 2831 explodi
1091 2776 1124 2815 ac
1146 2760 1271 2815 damnari
1293 2771 1353 2816 tum

214 2852 393 2917 traditioucS,
408 2861 466 2906 tuin
487 2849 639 2920 praesertim
659 2848 854 2904 traditionem?
872 2852 909 2905 Be
926 2865 992 2905 casu
1009 2850 1084 2904 enim
1100 2850 1233 2920 peculiari
1249 2851 1353 2907 ibidem

215 2959 283 2999 saue
299 2957 389 2998 sermo
409 2951 460 2997 est.
479 2941 555 3013 Rogo
571 2940 655 2996 etiam
670 2955 705 2994 an
723 2939 792 2996 lorte
811 2941 928 2995 Basilius
946 2940 998 2994 hae
1014 2941 1043 2994 iu
1057 2940 1224 3010 quaestione,
1241 2957 1303 3011 quae
1319 2942 1354 2997 de

216 3033 337 3104 Spiritus
360 3032 447 3088 sancti
464 3030 609 3086 divinitate
626 3040 696 3096 erat,
715 3045 769 3085 non
788 3030 908 3101 potuerit
920 3030 1090 3102 Scriptorum
1100 3030 1222 3102 judicem
1237 3041 1265 3086 et
1280 3033 1356 3087 arlai-

217 3137 287 3180 trant
305 3125 491 3188 coristituere,
504 3122 572 3193 quin
585 3121 647 3176 ideo
660 3120 818 3177 traditionis
835 3121 997 3176 methodum
1011 3119 1173 3193 respueret?
1188 3121 1216 3177 ld
1236 3139 1355 3194 namque

216 3216 334 3287 probent
347 3229 461 3270 neccsse
474 3222 517 3268 est
529 3212 679 3268 adversarii
695 3220 724 3266 ut
739 3212 843 3282 aliquid
859 3210 1017 3283 proficiant,
1031 3211 1134 3283 alioqui
1148 3220 1203 3267 stat
1216 3214 1355 3268 sententia

216 3321 299 3376 quam
313 3321 397 3376 supra
410 3304 669 3359 demonstravimus.
684 3301 732 3368 At,
746 3312 777 3357 ut
789 3304 900 3373 opinor,
914 3303 984 3358 nihil
998 3304 1097 3358 horum
1111 3318 1233 3373 unquam
1248 3303 1356 3360 allicere

218 3404 356 3467 poterunt.
372 3394 444 3462 Quid
458 3392 706 3468 igituriNimirum
719 3393 913 3450 consuetudini
927 3394 1052 3449 ecclcsiae
1067 3392 1260 3457 Caesariensis,
1275 3393 1357 3464 cujus

217 3485 364 3556 opiscopus
385 3493 445 3540 erat
463 3483 597 3549 Basilius,
618 3498 702 3538 unam
724 3483 754 3537 in
776 3483 904 3554 personis
923 3483 1026 3539 divinis
1044 3483 1196 3539 honitatem
1218 3500 1358 3556 unamque

219 3575 370 3646 potentiam
385 3574 574 3646 praedicantis,
590 3573 755 3630 contrariam
774 3574 899 3629 eeclesiae
918 3589 975 3629 suae
994 3574 1222 3630 consuetudinem
1236 3591 1359 3647 oppone·

218 3668 285 3722 bant
304 3664 569 3721 Pneumatumachi:
589 3665 618 3719 iu
638 3665 690 3719 hac
707 3675 799 3722 autem
819 3664 1050 3722 consuetudinum
1069 3664 1216 3729 varietate,
1235 3666 1360 3735 quando-

218 3755 331 3826 quidem
356 3755 508 3811 adversarii
536 3753 714 3810 Caesariensis
743 3756 867 3812 ecclesiae
891 3770 995 3812 morem
1021 3754 1097 3812 llocci
1127 3753 1265 3822 lacerent,
1291 3757 1360 3827 quid

252 3944 293 4011 (l)
310 3941 410 3996 aAltla
423 3959 458 4007 μη
475 3957 584 4008 χωρισῃς
600 3959 692 4010 carpo<
711 3959 754 3992 και
769 3943 823 3994 ὺιου
841 3963 869 3994 το
888 3961 983 4009 πνευμα
1000 3961 1028 3994 το
1046 3943 1133 4011 ἅγιον,
1149 3934 1362 3993 incusamusa

218 4019 368 4094 παραδοσις.
389 4023 424 4079 ¹0
440 4039 523 4090 κυριος
541 4025 620 4081 οὕτως
634 4018 758 4087 ἐδιδαξιν,
776 4024 912 4078 ἀποστολοι
931 4026 1062 4094 ἐκηρυξαν,
1081 4042 1181 4092 morspec
1201 4018 1362 4092 διετηρησαν,

221 4125 338 4175 μαρτυρες
354 4103 514 4157 ἐῧεὸαιωσαν,
527 4124 540 4155 a
553 4111 642 4158 Hontil.
656 4109 743 4169 XXIV,
757 4124 782 4157 n.
799 4113 822 4157 6.

253 4192 294 4253 (a)
307 4192 343 4242 Gi.
357 4189 498 4245 Scultelus,
511 4191 601 4240 lllcdul.
616 4192 693 4240 Tltcul.
708 4197 773 4257 part.
787 4195 810 4240 t.

255 4272 297 4337 (5)
312 4277 390 4337 Epist.
406 4275 467 4331 189,
480 4287 506 4320 n.
520 4275 544 4320 3.
