3150 5160
220 331 280 391 tan
342 344 580 390 narroutttsuus
601 343 738 388 staticus
758 345 777 386 r:
798 345 1054 389 rnornsrauatsuo
1077 345 1239 390 ontunnus.

216 500 338 563 acceptae
360 491 496 548 rationem
523 489 618 545 haberi
641 507 739 562 posse,
762 491 985 562 qnandoquidem
1011 490 1164 563 interpres,
1191 493 1269 548 nullo
1297 493 1362 568 dog-

218 591 292 638 matc
305 581 428 636 imbutus
447 589 475 636 et
494 596 509 635 a
530 580 650 637 decretis
667 581 797 638 revelatis
817 582 897 653 plane
919 581 1044 646 alicnus,
1071 597 1149 637 sacra
1168 583 1257 638 biblia
1275 586 1364 656 aperit

219 689 275 730 uon
293 687 373 728 secus
392 686 424 726 ac
443 671 467 726 si
485 671 608 726 Platonis
622 671 769 729 Hnrnerive
788 672 891 742 scripta
910 687 966 742 prae
987 671 1116 728 manibus
1133 672 1258 729 haberet.
1272 675 1362 731 Solam

217 779 284 836 ergo
307 762 563 833 interpretationem
587 763 794 835 grammaticam
816 761 1000 817 adhibendam
1028 762 1175 818 constituit
1202 763 1361 834 Semlerus,

218 853 401 926 prohibetque
423 852 572 924 quominus
597 853 654 909 ullo
674 862 753 924 pacto
769 854 804 908 ab
822 870 853 908 ea
876 852 1078 924 explanationis
1097 853 1204 908 ratione
1227 870 1312 924 quam
1333 854 1362 910 in

218 942 389 1016 explicandis
403 943 524 1014 prolauis
539 943 722 1015 scriptoribus
742 944 841 999 sectari
855 944 1051 1000 consuevimus
1064 959 1186 1014 unquam
1206 943 1360 999 recedatur.

216 1034 254 1091 ht
273 1036 341 1091 satis
353 1034 388 1090 de
405 1035 457 1089 hac
474 1034 675 1105 interpretandi
695 1034 825 1090 methodo
838 1051 922 1106 supra
936 1034 1041 1089 dictum
1054 1033 1116 1088 luit.
1133 1035 1168 1090 Ut
1186 1043 1278 1089 tamen
1295 1033 1361 1090 laci-

218 1127 273 1182 lius
287 1125 439 1197 perspicias
451 1140 505 1196 quo
522 1140 596 1179 nexu
609 1124 667 1180 haec
677 1123 793 1180 Semleri
808 1125 944 1197 principia
958 1126 1031 1181 inter
1044 1141 1075 1181 se
1088 1125 1259 1191 cohaereant,
1274 1133 1300 1179 ct
1314 1124 1359 1195 qui

218 1219 256 1275 sit
277 1217 459 1273 rationalismi
479 1215 575 1271 biblici
590 1215 675 1270 veluti
689 1216 878 1289 organismus‚
895 1232 982 1288 pauca
1000 1217 1083 1272 etiam
1097 1216 1216 1272 notanda
1229 1215 1358 1282 arbitror,

216 1324 383 1379 quamquam
403 1323 434 1362 ea
458 1322 491 1361 cx
506 1305 696 1377 superioribus
707 1306 763 1377 jam
780 1307 936 1362 necessario
956 1307 1019 1362 elici
1038 1307 1166 1362 debeant.

254 1397 350 1469 ltaque
366 1405 511 1468 postquam
528 1396 615 1451 libros
629 1405 688 1451 tum
698 1397 818 1465 veteris,
833 1405 892 1452 tum
907 1398 969 1453 novi
983 1397 1153 1453 Testamenti
1167 1397 1219 1453 hae
1231 1397 1356 1454 methodo

216 1506 246 1544 es
260 1489 469 1559 interpretanda,
485 1502 530 1542 res
545 1486 666 1542 nondum
679 1486 713 1541 ad
732 1486 815 1542 tinem
830 1487 977 1558 processit.
989 1486 1085 1543 Restat
1104 1503 1203 1559 nempe
1220 1497 1250 1543 ut
1265 1487 1355 1543 crisim

215 1578 346 1635 instituas
366 1594 536 1649 eorumquae
554 1578 605 1633 tibi
625 1578 654 1633 in
667 1577 818 1649 Scripturis
832 1578 912 1633 obvia
932 1576 1018 1633 lucre.
1034 1579 1106 1633 Bene
1120 1579 1195 1635 enirn
1208 1579 1354 1634 tenendum

215 1677 259 1724 cst
275 1668 424 1740 scriptores
450 1683 543 1723 sacros
560 1683 626 1724 vere
643 1666 778 1724 divinitus
797 1668 948 1740 inspiratos
969 1684 1024 1724 non
1044 1669 1155 1735 baberi,
1178 1670 1278 1725 sedeo
1297 1679 1353 1725 tan-

214 1767 275 1814 tum
294 1757 386 1813 animo
405 1756 492 1814 luisse
506 1767 680 1830 comparatos
699 1769 731 1813 ut
750 1759 877 1815 consulto
896 1759 1024 1830 decipere
1037 1759 1165 1816 nollent:
1184 1769 1213 1815 at
1233 1769 1264 1816 nt
1285 1770 1353 1815 rccte

214 1847 319 1904 luerint
339 1847 446 1916 affecti,
472 1864 528 1904 non
557 1849 612 1904 nisi
634 1849 754 1903 humana
777 1857 870 1905 tamen
890 1850 1012 1922 gaudent
1038 1849 1218 1915 auctoritate,
1245 1859 1273 1905 ct
1297 1849 1352 1905 ideo

211 1938 368 1995 doctrinam
390 1954 473 2009 quam
498 1938 602 2011 scripto
628 1940 778 2011 prodidere
804 1939 921 1995 rationis
950 1938 1055 2011 judicio
1085 1937 1223 2008 subjicere
1246 1937 1288 1994 las
1305 1947 1351 1994 est.

215 2027 287 2096 Quid
308 2045 427 2100 namque
443 2029 572 2101 prohibet
590 2030 739 2102 quominus
759 2030 903 2092 homiues,
923 2029 1043 2086 maxime
1062 2028 1102 2096 si,
1125 2038 1157 2085 ut
1176 2029 1259 2084 hodic
1278 2037 1351 2094 sunt,

214 2119 382 2176 excultiorcs
402 2135 435 2175 ae
456 2120 594 2176 doctiores
612 2119 730 2188 luerint,
751 2120 785 2175 ad
803 2120 913 2176 critices
937 2120 1069 2182 trutinant
1090 2129 1221 2175 revocent
1239 2119 1351 2176 aliorum

213 2208 358 2264 hominum
380 2209 546 2275 doctrinam,
571 2211 634 2281 qui,
661 2212 750 2268 sancti
780 2211 846 2266 licet
873 2226 906 2267 ae
934 2210 968 2265 dc
999 2209 1069 2266 ideis
1091 2210 1230 2283 religiosis
1255 2211 1351 2283 optime

212 2299 325 2366 meriti,
345 2300 463 2356 subinde
482 2309 575 2356 tamen
596 2301 752 2357 incultioris
770 2302 821 2357 aevi
840 2309 1002 2374 argumenta
1016 2300 1044 2354 in
1061 2301 1173 2371 scriptis
1194 2301 1254 2356 suis
1273 2302 1351 2357 relin-

211 2406 298 2462 quere
316 2391 492 2458 debuerunt,
518 2391 562 2446 vel
591 2392 664 2463 quod
695 2392 750 2463 ipsi
776 2392 901 2463 quaedam
929 2391 1060 2447 altiorum
1084 2390 1243 2463 dogmatum
1268 2391 1350 2463 capita

211 2480 307 2535 minus
332 2481 532 2555 intelligerent,
550 2482 594 2537 uel
617 2491 691 2538 ccrtc
712 2482 786 2554 quod
807 2482 956 2554 aequalium
978 2480 1139 2536 notionibus
1161 2481 1351 2538 humilioribus

212 2586 317 2627 morem
338 2587 434 2645 gerere
452 2573 540 2628 coacti
561 2571 636 2628 sint‘l

250 2661 320 2717 Hinc
340 2663 547 2719 rationalismus
564 2663 684 2719 biblicus
708 2663 828 2719 secernit
847 2662 1104 2733 interpretationem
1123 2678 1174 2717 sen
1192 2662 1351 2718 hermeneu-

211 2753 295 2808 ticam
325 2753 501 2826 disciplinam
527 2769 542 2809 a
571 2754 687 2810 scientia
712 2753 809 2809 critica
834 2768 841 2807 :
866 2752 942 2824 prior
966 2752 1039 2809 circa
1071 2767 1186 2807 sensum
1208 2751 1352 2824 Scriptura

211 2841 398 2915 indagandum
416 2852 557 2908 versatur,
569 2844 705 2915 posterior
718 2860 763 2898 res
780 2852 808 2898 et
820 2843 975 2899 doctrinam
989 2842 1041 2897 hac
1054 2842 1162 2899 ratione
1174 2858 1190 2897 e
1204 2842 1351 2915 Scripturis

212 2929 321 2986 elicitas
333 2933 431 3003 probat
444 2933 488 2988 vel
505 2933 641 3004 improbat
657 2950 664 2988 :
687 2954 701 2986 u
716 2933 830 2997 Critica,
845 2933 935 3003 inquit
951 2932 1164 2988 Bretscbneider
1180 2931 1187 3005 l
1200 2934 1212 2987 l
1225 2931 1252 3006 l,
1265 2933 1352 3005 inqui-

212 3020 251 3075 rit
268 3030 362 3076 ntrum
377 3024 505 3080 notiones
518 3040 579 3094 quae
598 3023 720 3080 inlibris
741 3024 828 3079 sacris
849 3030 1001 3078 occurrunt
1020 3021 1121 3079 divinae
1141 3022 1198 3078 sint
1217 3039 1350 3090 nec-ne,a

214 3109 268 3165 hoe
291 3118 347 3175 cst,
377 3127 413 3165 an
439 3113 554 3168 rationis
573 3114 734 3169 notionibus
756 3122 921 3179 consonent,
942 3129 976 3168 an
996 3129 1066 3180 non;
1089 3112 1118 3169 id
1148 3129 1236 3168 unum
1256 3113 1352 3186 qnippe

213 3199 327 3255 tandem
344 3201 469 3257 divinum
488 3202 592 3258 dicitur
613 3203 685 3274 quod
704 3203 804 3258 rationi
823 3203 1006 3276 undequaque
1023 3203 1167 3270 conuenit,
1188 3203 1227 3258 ita
1244 3203 1351 3274 quidem

214 3299 247 3346 ut
260 3305 339 3347 mens
353 3292 472 3347 humana
492 3292 561 3348 illud
583 3293 664 3349 facile
683 3295 837 3370 intelligere
856 3304 953 3366 queat;
977 3293 1046 3349 ratio
1069 3293 1144 3349 caim
1163 3292 1220 3348 illis
1240 3302 1284 3349 est
1302 3307 1351 3348 una

213 3380 302 3436 divini
321 3397 417 3437 norma
431 3383 534 3454 pariter
547 3393 575 3439 et
588 3400 728 3441 mensura.

252 3472 317 3528 llaec
330 3473 439 3530 decreta
458 3475 488 3529 in
507 3491 588 3530 nsum
605 3476 745 3533 adducens
759 3475 878 3542 Semler,
892 3474 1021 3547 quoniam
1037 3473 1090 3531 sibi
1103 3472 1249 3530 uidebatur
1262 3474 1352 3530 videre

213 3563 294 3634 plura
314 3563 342 3619 in
357 3579 428 3621 novo
442 3567 619 3622 Testamenta
636 3567 729 3624 inesse
747 3583 808 3638 quae
826 3567 919 3622 minus
932 3582 995 3621 cum
1008 3575 1091 3629 rectae
1104 3565 1219 3621 rationis
1234 3565 1352 3622 notioni-

213 3652 267 3707 bus
281 3652 466 3722 cohaererent,
480 3655 666 3727 quoniamque
685 3656 753 3712 alias
774 3657 940 3730 agnoscebat
955 3656 1051 3712 lesum
1064 3656 1133 3711 nulli
1146 3655 1215 3711 salso
1234 3654 1353 3729 dogmati

214 3740 354 3799 addictum
365 3754 440 3801 recte
449 3745 484 3801 de
496 3746 627 3801 omnibns
642 3747 778 3812 sensisse,
793 3747 878 3814 illud,
890 3747 962 3818 quod
975 3755 1086 3811 vocant,
1099 3747 1352 3803 accommodationis

215 3838 335 3902 systema
355 3835 535 3909 excogitavit,
555 3853 610 3907 qno
631 3838 717 3893 sumit
737 3838 845 3905 lesum,
866 3847 897 3894 ut
913 3839 1113 3908 obsequeretur
1135 3837 1272 3893 doctrinis
1289 3847 1352 3893 tuuc

214 3923 349 3992 temporis
368 3927 450 4000 vulgo
472 3928 592 3999 receptis
614 3936 697 3999 atque
720 3929 757 3986 ita
779 3929 887 3986 facilius
909 3929 1017 4004 animos
1038 3928 1072 3983 ad
1095 3943 1174 3984 suam
1199 3927 1351 3984 doctrinam

214 4021 403 4082 converteret,
424 4019 512 4074 multa
533 4018 683 4076 tradidisse
705 4021 763 4076 illis
786 4018 992 4087 convenientia,
1015 4035 1076 4090 quae
1096 4027 1188 4075 tamen
1208 4018 1238 4076 in
1255 4018 1352 4077 erratis

214 4118 278 4159 esse
300 4101 371 4158 bcne
388 4115 511 4163 noverat.

194 4250 197 4256 ’
246 4255 291 4318 (l)
309 4261 354 4308 Dio
364 4261 670 4325 historischdnqmoticcbe
683 4266 823 4332 Analeqmtp
835 4268 877 4316 dcc
889 4268 918 4316 Ν.
932 4268 958 4316 T.
974 4281 1000 4332 p.
1018 4268 1061 4314 55.
