3150 5160
397 350 608 395 ussermann.
631 351 780 395 nocrnrua
802 350 838 394 er
859 351 1146 398 xuraarnaramouu.
1290 342 1347 402 att

210 497 319 554 stultus
350 497 495 568 prodatur;
521 507 549 554 et
579 514 661 570 porro
693 498 756 569 quia
786 498 940 554 verissimae
971 507 1038 554 sunt
1066 515 1099 555 ac
1128 515 1222 558 rerum
1253 513 1360 562 naturae

214 603 356 654 consonae,
378 588 425 642 lux
446 589 512 645 inde
533 589 622 645 oritur
647 604 709 660 quae
734 599 856 645 mentem
882 589 1014 660 deinceps
1034 589 1063 645 in
1086 589 1245 662 disciplinis
1266 592 1378 655 iuves<

216 677 335 750 tigandis
356 677 495 735 illuminet
516 678 597 735 etad
620 696 703 751 quam
720 690 854 753 perpetuo
876 681 1007 752 respiciat
1027 696 1033 734 :
1052 682 1112 752 pari
1136 681 1244 738 ratione
1267 683 1296 738 in
1315 700 1361 740 ca·

219 769 374 825 tholieismo
399 779 549 826 occurrunt
574 770 701 845 dogmata
727 788 789 843 quae
817 770 933 826 inficiari
956 778 1005 825 aut
1033 770 1118 826 dultia
1145 787 1248 843 ponere
1275 774 1358 832 nelos

220 859 389 925 decernitur3
408 860 442 915 ab
461 860 506 916 his
523 860 735 933 disciplinarum
755 861 911 918 divinarum
928 860 1096 932 principium
1111 862 1243 928 ducitur,
1258 877 1357 934 eaque,

220 959 312 1021 utpote
325 950 456 1006 Veritatis
471 953 590 1016 oracula,
607 951 827 1023 splendescentis
845 951 912 1008 lacis
930 951 1019 1006 instar
1031 959 1177 1022 apparent,
1191 967 1274 1022 quam
1295 968 1359 1023 per-

219 1050 298 1112 petua
321 1057 404 1096 manu
423 1050 499 1098 tenet
517 1043 656 1098 litteratus
676 1042 834 1117 theologus,
852 1058 906 1114 quo
919 1041 992 1097 riam
1011 1057 1064 1113 qua
1079 1057 1195 1098 securus
1214 1043 1359 1115 gradiatur

219 1130 338 1188 illustret
350 1141 433 1202 atque
449 1134 486 1188 ita
504 1132 538 1188 ad
557 1133 692 1189 abditiora
712 1134 781 1188 citra
799 1132 994 1189 offendiculum
1008 1131 1166 1204 pertingere
1185 1133 1283 1204 possit.
1306 1134 1360 1192 Ne·

219 1235 295 1278 cesse
307 1230 350 1277 est
359 1222 432 1276 enim
445 1233 474 1278 ut
484 1223 512 1277 in
523 1224 608 1280 rebus
617 1225 679 1281 istis
692 1224 794 1281 divinis
811 1241 903 1280 1311331
916 1225 1137 1294 supernaturalis
1147 1227 1296 1280 communit
1310 1226 1359 1282 ad-

219 1312 346 1384 sitaque
360 1314 551 1384 proficiscatur
565 1316 699 1382 scientia,
719 1317 819 1387 cuique
838 1314 993 1381 innitatur;
1008 1315 1080 1385 quod
1107 1315 1131 1371 si
1154 1315 1202 1370 ille
1223 1315 1359 1384 deluerit,

218 1403 288 1460 absit
307 1420 417 1475 quoque
435 1414 543 1476 oportet
563 1422 627 1462 1313
646 1406 808 1477 disciplina,
821 1404 1045 1477 quandoquidem
1070 1405 1248 1462 fundamento
1269 1406 1359 1463 desti-

218 1503 309 1549 tuatur
321 1509 353 1549 ac
365 1495 451 1550 veluti
466 1497 494 1551 in
507 1512 570 1552 aere
583 1497 703 1567 pendula
718 1497 832 1552 haereat.
843 1496 945 1552 Verum
958 1496 1017 1550 haee
1030 1503 1216 1566 protestantes
1229 1496 1359 1552 3313113-

216 1581 441 1651 13113133131311,
455 1584 503 1658 qui
523 1585 581 1640 illic
601 1593 709 1640 tantum
723 1585 868 1641 scientiam
881 1586 1041 1656 conspicere
1057 1585 1187 1641 videntur
1205 1586 1253 1641 ubi
1267 1587 1359 1642 omnia

216 1670 359 1728 effutiendi
377 1673 497 1729 habetur
516 1673 641 1741 licentia,
664 1675 737 1745 quod
757 1690 854 1746 reapse
870 1673 995 1730 scientiae
1017 1673 1096 1728 ruina
1119 1689 1152 1729 ae
1166 1674 1282 1729 exitium
1303 1685 1356 1730 est.

251 1761 384 1817 Desinant
396 1778 460 1836 ergo
473 1763 600 1834 querelas
619 1763 702 1820 edere
718 1764 791 1835 quod
804 1764 971 1820 eliraenatam
991 1763 1020 1818 in
1038 1764 1130 1819 varios
1144 1779 1246 1820 sensus
1260 1764 1358 1836 Scrip-

215 1858 291 1906 turas
313 1851 512 1923 contorquendi
534 1852 674 1908 licentiam
691 1853 804 1908 damnat
822 1853 964 1920 Ecclesia;
987 1853 1115 1910 desinant
1137 1869 1199 1909 eam
1226 1863 1257 1910 ut
1279 1870 1359 1911 acer-

215 1940 313 1996 rimam
344 1941 468 1997 scientiae
494 1942 602 1998 hostem
627 1943 773 2011 exhibere,
799 1944 871 2015 quod
891 1942 1016 2014 quaedam
1044 1943 1177 2001 doctrinae
1203 1944 1295 2016 capita
1329 1945 1359 2002 in

213 2029 329 2085 dubium
348 2032 417 2087 uerti
440 2041 528 2098 vetat,
540 2033 674 2104 jubetque
692 2033 762 2088 nihil
781 2050 797 2089 a
819 2033 970 2104 Scripturis
992 2034 1055 2090 elici
1069 2035 1142 2106 quod
1155 2035 1277 2090 decretis
1290 2035 1358 2091 13113

214 2119 382 2194 refragetur3
404 2122 469 2178 inde
491 2124 565 2179 enim
590 2139 766 2195 nequaquam
796 2124 906 2180 laeditur
928 2123 1051 2181 scientie
1076 2125 1208 2193 libertas,
1233 2127 1359 2199 exegesis

213 2221 305 2267 autem
322 2213 441 2268 multum
461 2213 622 2284 adjuratur,
640 2214 783 2287 dirigitur,
800 2214 924 2270 fulcitur.
946 2213 1039 2271 Firma
1057 2231 1123 2272 xero
1142 2216 1278 2272 consistat
1298 2216 1359 2271 Tri-

211 2300 334 2357 dentinae
351 2303 447 2375 synodi
475 2304 570 2377 regula
594 2319 680 2375 eaque
704 2305 839 2361 habeatur
862 2314 893 2360 ut
921 2305 1012 2362 omnis
1029 2305 1184 2378 discipliuae
1209 2307 1359 2381 exegeticae

210 2394 379 2466 principium
407 2406 435 2452 et
457 2396 530 2452 linis.
562 2396 651 2452 Simul
680 2404 764 2467 atque
789 2397 823 2452 ah
853 2397 900 2451 illa
933 2393 1087 2458 receditur,
1118 2394 1202 2465 periit
1224 2406 1358 2466 germana

210 2486 337 2557 exegesis
362 2495 390 2541 et
414 2488 506 2543 omnia
529 2488 557 2543 in
583 2487 736 2558 Scripturis
762 2486 899 2542 lluctuare
924 2484 1077 2554 incipiunt,
1102 2483 1186 2554 idque
1209 2496 1241 2537 eo
1269 2480 1358 2552 magis

210 2575 391 2645 conspicuum
415 2577 446 2632 sut
470 2594 524 2647 qno
550 2578 660 2649 longius
688 2578 722 2632 ab
746 2593 778 2632 ea
805 2576 986 2631 desciscitur.
1010 2572 1113 2628 Verum
1140 2572 1282 2627 enimvero
1312 2570 1358 2626 lex

209 2663 450 2732 interpretationis
472 2664 512 2718 illi
535 2668 673 2736 opposita,
695 2681 811 2737 quaeque
835 2681 869 2720 ex
890 2661 1110 2736 protestantismi
1132 2660 1262 2717 methodo
1284 2661 1357 2717 ultro

208 2751 312 2816 oritur,
332 2767 347 2806 a
366 2753 548 2810 rationalistis
574 2764 666 2810 autem
685 2763 827 2826 tamquam
850 2754 1005 2825 discipline
1027 2752 1175 2825 exegeticae
1201 2752 1284 2807 unice
1309 2767 1356 2807 ac·

208 2840 383 2898 commodata
396 2842 502 2899 elatiori
515 2861 582 2901 voce
597 2846 777 2918 praedicatur,
788 2862 925 2920 germanae
939 2844 1064 2900 scientiae
1078 2845 1190 2913 penitus
1205 2850 1356 2914 repugnat,

210 2930 279 2985 etsi
298 2930 327 2984 iu
342 2946 423 2986 usum
443 2933 525 3003 plane
542 2933 625 2991 luerit
641 2935 774 3003 adducta,
796 2937 831 2991 de
854 2935 946 2990 medio
971 2948 1087 3005 prorsus
1110 2932 1224 2988 tollatur
1242 2947 1357 2988 necesse

209 3029 254 3076 est
274 3020 390 3076 scientia
408 3023 557 3096 exegetica.
578 3024 657 3093 Quod
678 3036 708 3083 ut
730 3027 860 3083 omuibus
882 3025 961 3081 lacile
982 3033 1089 3095 pateat,
1109 3023 1195 3095 probe
1212 3022 1247 3079 31)
1262 3022 1358 3079 331133

209 3110 369 3167 habendum
389 3122 431 3168 est
453 3115 518 3184 quid
542 3115 666 3171 scientiae
685 3118 799 3173 nomine
820 3117 923 3173 veniat.

247 3202 373 3260 Proiecto
396 3204 592 3276 inquisitiones
611 3206 683 3261 cirea
700 3208 857 3280 linguarum
871 3221 1013 3264 sacrarum
1027 3203 1197 3277 peculiarem
1214 3203 1354 3269 indolem,

210 3301 392 3360 structuram,
412 3296 562 3368 syntaxim
587 3296 712 3351 historiae
729 3297 850 3369 antiquae
875 3294 1066 3368 investigatio;
1091 3309 1215 3360 morum,
1238 3306 1356 3348 consue-

209 3383 340 3439 tudinum
359 3385 533 3457 aliorumque
553 3385 581 3443 id
600 3402 687 3462 genus
707 3388 824 3462 diligens
849 3386 989 3460 indagatio
1013 3384 1133 3439 multum
1155 3384 1190 3440 ad
1210 3387 1355 3456 exegesim

209 3472 404 3529 illustrandam
423 3476 699 3549 amplificandamque
719 3476 837 3541 laciuut;
861 3484 889 3529 at
908 3491 942 3530 ex
960 3474 1005 3530 his
1019 3486 1111 3530 tamen
1130 3472 1250 3528 necdum
1265 3473 1356 3529 oritur

209 3563 326 3619 scientia
335 3580 368 3621 eo
381 3565 494 3621 nomine
503 3566 601 3638 digna;
612 3568 769 3624 necessaria
779 3565 890 3639 quidem
904 3564 953 3619 illa
968 3574 1034 3621 sunt
1047 3573 1078 3619 ut
1092 3578 1154 3620 esse
1167 3572 1250 3635 queat
1263 3563 1355 3619 scien-

209 3654 264 3721 tia,
290 3655 339 3711 sed
361 3655 476 3712 minime
502 3656 653 3712 sufficiunt.
681 3658 752 3727 Quid
770 3654 864 3714 enim?
887 3655 1008 3712 Scieutia
1032 3655 1108 3710 nulla
1129 3662 1172 3709 est
1191 3653 1247 3709 nisi
1271 3653 1355 3712 variae

209 3744 312 3815 quibus
331 3755 439 3802 constat
458 3747 630 3820 cognitiones
645 3757 709 3818 apte
727 3748 799 3803 inter
815 3762 845 3802 se
866 3755 1014 3802 nectantur
1033 3744 1252 3818 colligenturque
1271 3753 1299 3800 et
1320 3745 1355 3802 ad

209 3834 250 3889 rei
264 3834 344 3906 cujus
358 3835 473 3891 scientia
488 3837 525 3892 sit
538 3836 659 3893 indolem
673 3839 754 3909 plane
773 3836 985 3892 accommodatae
1008 3835 1072 3891 sint.
1093 3835 1157 3891 llaec
1170 3844 1266 3907 aperta
1279 3846 1355 3892 certe

209 3934 276 3980 sunt
300 3942 352 3982 nec
373 3927 407 3982 ah
430 3927 487 3983 ullo
511 3927 540 3981 in
566 3927 681 3983 dubium
706 3927 798 3983 vocari
824 3934 951 3998 possunt.
971 3924 1093 3981 Scientia
1119 3926 1195 3982 enim
1217 3942 1263 3982 res
1285 3941 1354 3996 quas

210 4016 329 4087 explicet
348 4017 408 4089 ipsa
426 4032 481 4072 non
498 4017 594 4073 condit
612 4026 660 4072 aut
676 4026 766 4084 creat,
781 4015 831 4072 sed
851 4031 898 4072 eas
915 4023 997 4086 prout
1015 4025 1081 4071 sunt
1097 4016 1198 4088 accipit
1215 4025 1242 4072 et
1255 4030 1354 4070 secun·

209 4105 276 4161 dum
299 4124 378 4163 suam
401 4107 524 4178 ipsarum
550 4118 677 4165 naturam
705 4108 853 4181 explanare
875 4106 969 4162 studet
993 4123 1001 4163 :
1028 4107 1144 4163 scientia
1166 4114 1209 4161 est
1229 4104 1353 4175 ipsarum

210 4213 305 4255 rerum
317 4199 411 4255 vivum
424 4200 570 4271 speculum
583 4215 686 4272 easque
698 4215 781 4272 quam
794 4197 913 4253 maxima
928 4196 982 4254 lide
998 4197 1100 4254 relerat
1118 4202 1237 4268 oportet;
1249 4194 1353 4267 alioqui

209 4303 266 4345 non
285 4286 343 4358 jam
362 4289 479 4345 scientia
501 4287 552 4347 sed
572 4289 657 4348 inane
674 4289 814 4349 somnium
835 4289 876 4347 tit.
888 4290 966 4358 Quod
989 4290 1012 4348 si
1028 4291 1089 4348 haee
1104 4288 1183 4346 firma
1198 4287 1266 4353 sint,
1289 4287 1353 4358 quis
