3150 5160
491 375 515 418 s.
532 372 739 430 retrusurus,
754 375 917 419 surnnmus
931 373 1098 420 sursuoeus.
1318 363 1358 421 bb

208 521 267 574 luae
287 519 378 574 docuit
397 534 500 590 semper
518 535 579 592 que
596 520 631 576 ab
650 517 783 590 Apostolir
799 521 948 588 didicerat,
968 537 1028 592 que
1045 528 1070 578 et
1088 520 1212 578 Ecclesia
1231 523 1360 590 tradidit,

208 618 233 665 et
247 612 306 667 solu
318 614 382 665 auat
398 627 463 666 amu
479 608 538 683 (1).
550 629 565 662 n
576 641 613 650 —
625 608 709 666 Vides
722 610 953 681 quemadmodum
966 611 994 666 S.
1008 611 1174 684 polycarpus
1188 628 1361 685 nequaquam

210 701 349 756 examinis
370 700 487 772 privati,
506 701 556 756 sed
580 699 737 756 traditionis
756 707 785 755 et
802 700 976 756 auctoritatis
994 699 1153 755 methodum
1174 711 1306 772 perpetuo
1324 702 1362 758 sit

209 798 343 846 sectatus.
352 789 431 857 Quod
443 790 468 846 si
483 806 563 864 roges
576 806 610 846 au
625 790 769 846 haereticos
779 790 906 846 habuerit
918 791 1011 862 aliquo
1023 790 1119 846 saltem
1133 799 1211 861 pacto
1221 800 1362 864 tamquam

210 881 317 937 Christi
338 880 450 947 fideles,
473 897 539 952 num
565 896 661 936 eorum
682 879 808 954 dogmata
832 881 952 936 examini
979 879 1150 951 subjicienda
1177 879 1303 946 duxerit,
1331 891 1362 938 ut

211 972 248 1028 de
260 972 376 1028 veritate
392 981 441 1026 aut
457 971 577 1026 salsitate
593 970 778 1040 judicaretur,
795 986 830 1025 an
844 985 910 1026 vero
928 986 960 1026 ea
975 987 993 1025 u
1008 970 1101 1040 priori
1117 977 1148 1024 ut
1164 967 1231 1025 laisa
1248 970 1362 1027 damna·

211 1063 298 1126 verit,
315 1063 411 1118 irenaei
429 1062 618 1118 testimonium
633 1062 729 1117 audire
748 1077 846 1137 pergas
864 1078 871 1118 z
891 1082 906 1129 u
918 1062 944 1118 ls
960 1071 1004 1118 cst
1025 1059 1226 1135 (Polycarpus)
1244 1064 1291 1134 qui
1308 1065 1362 1122 sub

212 1153 331 1210 Aniceto
359 1169 422 1209 cum
447 1153 605 1209 advenisset
628 1153 657 1209 in
683 1155 804 1218 urbem,
825 1154 930 1210 multos
956 1169 990 1209 cx
1012 1153 1057 1209 his
1078 1167 1148 1224 quos
1164 1153 1360 1224 praediximus,

213 1245 361 1301 haereticos
384 1243 520 1299 convertit
542 1243 570 1298 in
589 1243 741 1299 Ecclesiam
765 1243 831 1309 Dei,
856 1259 940 1298 unam
962 1252 990 1300 ct
1014 1244 1101 1299 solam
1126 1243 1196 1298 banc
1217 1243 1362 1299 veritatem

213 1336 385 1392 annuntians
407 1335 441 1390 ab
463 1333 603 1405 Apostolis
626 1334 784 1406 percepisse
806 1349 852 1401 se,
877 1350 958 1405 quam
982 1343 1010 1388 et
1032 1331 1162 1388 Ecclesiae
1182 1331 1357 1388 tradidit...

214 1427 250 1482 Et
265 1426 326 1497 ipse
340 1433 433 1480 autem
451 1425 618 1496 Polycarpus
634 1424 765 1479 Marcioni
779 1423 927 1494 aliquando
943 1422 1099 1478 occurrenti
1117 1422 1182 1488 sibi,
1196 1431 1224 1478 et
1236 1423 1338 1479 dicenti
1353 1439 1360 1481 :

213 1517 354 1588 cognoscis
370 1517 439 1570 aas?
456 1517 599 1587 respondit
615 1533 621 1571 :
640 1532 766 1588 coquoreo
785 1522 808 1570 tc
823 1516 1036 1586 primogenitum
1053 1513 1162 1570 Saturae
1176 1510 1259 1587 (1).»

251 1606 289 1662 At
306 1605 341 1661 de
355 1604 445 1676 ipsius
458 1605 600 1678 Polycarpi
613 1606 648 1661 ad
663 1606 856 1676 Philepcuses
874 1605 995 1677 Epistola
1014 1619 1105 1660 sermo
1116 1604 1173 1675 jam
1190 1604 1362 1663 instituatur.

252 1697 403 1766 Postquam
418 1693 461 1768 (c.
482 1694 515 1768 1)
530 1695 757 1766 Philippensibus
774 1695 928 1769 gratulatus
949 1704 993 1750 est
1011 1694 1047 1750 de
1063 1694 1142 1750 firma
1160 1697 1314 1752 constantia
1333 1698 1362 1754 in
1384 1693 1385 1697 ’

215 1784 271 1841 fide
284 1802 344 1856 quae
356 1786 390 1840 ab
403 1788 525 1858 antiquis
538 1787 701 1856 temporibus
713 1786 782 1858 ipsis
798 1787 961 1841 annuntiata
977 1784 1029 1841 luit
1047 1783 1106 1858 (5),
1122 1786 1260 1858 simulque
1275 1785 1362 1861 (1.2)

214 1877 328 1933 brevem
352 1876 433 1932 istius
458 1875 522 1932 fidei
544 1875 743 1948 professionem
765 1877 923 1941 contexuit,
948 1876 1008 1932 haec
1030 1877 1142 1932 taudem
1167 1874 1210 1949 (c.
1231 1877 1265 1952 b)
1289 1879 1363 1936 circa

214 1976 343 2024 mutuam
359 1984 420 2038 quae
437 1967 509 2022 iuter
525 1967 742 2024 ecclesiasticam
761 1968 964 2024 iustitutionem
983 1976 1012 2022 et
1027 1967 1197 2038 scripturam
1217 1967 1364 2026 intercedit

214 2057 451 2114 necessitudinem
471 2058 613 2128 praeclare,
628 2058 680 2114 etsi
699 2059 789 2115 obiter
802 2067 922 2122 mutum,
937 2057 1011 2113 dieta
1024 2058 1107 2114 habet
1118 2073 1125 2113 :
1137 2058 1235 2124 «llaec,
1248 2058 1361 2128 iratres,

216 2140 272 2204 nou
286 2147 359 2218 quod
372 2147 442 2202 mihi
454 2163 593 2222 arrogem,
609 2149 699 2207 scribo
712 2149 791 2206 vobis
806 2148 840 2204 de
852 2147 975 2218 justitia,
989 2148 1037 2204 sed
1052 2149 1116 2219 quia
1128 2163 1177 2204 vos
1193 2151 1363 2219 provocastis

216 2254 272 2294 me.
293 2237 388 2309 Neque
405 2238 479 2293 enim
498 2254 567 2312 ego,
587 2254 677 2309 neque
696 2239 768 2295 alius
788 2238 842 2295 mei
865 2238 983 2303 similis,
1004 2239 1114 2310 assequi
1135 2247 1225 2310 potest
1242 2240 1315 2297 beati
1335 2252 1363 2298 et

215 2328 331 2404 gloriosi
347 2328 425 2384 Pauli
442 2328 618 2400 sapientiam;
637 2328 762 2400 quicum
778 2337 853 2385 esset
866 2329 939 2401 apud
950 2344 998 2385 vos
1011 2329 1039 2383 in
1054 2339 1201 2400 conspectu
1218 2330 1363 2388 homiuum

212 2421 262 2493 qui
279 2430 345 2476 tuuc
360 2419 501 2485 vivebant,
514 2420 628 2491 perfecte
644 2437 677 2474 uc
698 2423 818 2490 firmiter
835 2436 929 2477 uocum
947 2421 1058 2477 uerbum
1075 2422 1199 2476 ueritatis
1214 2417 1267 2493 (en
1285 2421 1365 2477 insti·

213 2509 301 2574 tutio,
321 2525 384 2580 quae
403 2524 515 2580 semper
535 2509 638 2565 litteris
658 2511 756 2582 praeire
774 2509 890 2584 debet);
912 2513 959 2584 qui
981 2521 1009 2568 et
1031 2512 1131 2567 absens
1153 2511 1231 2566 vobis
1253 2512 1366 2583 scripsit

213 2600 362 2671 epistolas,
379 2599 407 2653 in
421 2613 491 2670 quas
506 2599 531 2654 si
551 2597 731 2667 intueamini,
745 2602 877 2672 edificari
891 2603 1021 2673 poteritis
1042 2617 1068 2656 m
1084 2618 1145 2656 mnu
1162 2617 1220 2664 oua
1235 2616 1302 2656 uara
1315 2617 1366 2656 nsr

214 2706 292 2745 vours
310 2687 394 2761 (1).»

253 2779 320 2840 llaec
334 2776 428 2832 brevia
441 2776 566 2847 quidem,
581 2786 608 2831 at
621 2778 761 2833 uberrima
774 2789 880 2847 tamen,
899 2782 922 2837 si
938 2797 999 2837 eam
1013 2796 1095 2852 quam
1109 2780 1240 2835 exhibent
1257 2781 1365 2837 metlro·

215 2867 284 2922 dum
306 2865 483 2937 spectaveris.
505 2864 590 2920 Docet
609 2866 683 2921 euim
700 2867 868 2939 Polycarpus
891 2869 1049 2941 Scripturas
1073 2869 1192 2924 maximo
1213 2885 1279 2925 sane
1301 2872 1365 2926 usui

216 2973 280 3013 esse
294 2971 388 3028 posse,
403 2956 452 3013 sed
466 2956 501 3011 iis
514 2956 561 3026 qui
572 2957 630 3026 jmu
644 2957 726 3013 fidem
740 2970 918 3032 acceperunt,
932 2962 1036 3033 quique
1050 2978 1221 3034 nequaquam
1237 2965 1366 3022 studeant

216 3064 252 3104 ex
266 3046 417 3118 Scripturis
429 3045 581 3102 doctrinam
596 3048 725 3104 traditam
742 3051 892 3124 corrigere,
906 3051 1137 3122 quemadmodum
1150 3061 1237 3125 agunt
1254 3062 1364 3125 protes·

216 3147 322 3203 mutes,
338 3137 387 3194 sed
406 3137 463 3193 illis
478 3145 591 3193 utantur
609 3147 641 3194 ut
657 3138 686 3194 iu
703 3140 799 3196 eadem
815 3140 1014 3198 confirmentur
1030 3151 1058 3198 et
1075 3144 1251 3213 edificentur.
1270 3145 1366 3216 ltaque

216 3227 350 3286 doctrinae
370 3228 449 3300 prius
470 3227 578 3284 traditae
600 3227 755 3286 innitantur
775 3241 883 3303 oportet
901 3231 1107 3304 Scripturarum
1129 3233 1211 3288 lectio
1231 3242 1259 3289 et
1281 3233 1364 3289 intel-

249 3436 296 3501 (1)
313 3449 328 3483 u
414 3430 505 3485 Ταυτα
525 3423 629 3494 baiariae
651 3432 689 3482 ἀει
706 3431 724 3483 ἀ
741 3449 785 3482 και
804 3450 874 3501 παρα
895 3451 943 3482 των
959 3433 1106 3484 draccoleno
1128 3438 1230 3500 εμαθεν,
1252 3434 1270 3485 α’
1287 3450 1330 3482 aar
1350 3435 1367 3489 ἡ

216 3521 337 3570 casinum
351 3507 520 3584 acquisieras
538 3515 615 3580 (loeo
631 3515 646 3569 ἡ
665 3521 800 3577 ausinora,
818 3524 893 3568 vetus
912 3514 1040 3583 interpres
1057 3517 1085 3566 in
1105 3532 1150 3567 suo
1173 3515 1258 3568 codice
1276 3517 1367 3583 legerit

216 3620 248 3668 τῃ
264 3603 398 3667 ausinora,
415 3606 492 3664 atque
509 3597 562 3648 haec
579 3596 654 3648 lectio
672 3596 830 3665 preferenda
849 3596 1013 3663 u·idetur)‚d
1030 3613 1073 3646 aar
1091 3614 1156 3663 μονα
1172 3613 1236 3647 εστιν
1249 3597 1366 3652 &laba-n

216 3688 385 3735 deauratura
403 3685 510 3740 Horrea,
527 3678 572 3730 lib.
591 3679 639 3741 lll,
656 3695 679 3730 c.
698 3684 727 3740 5,
744 3696 771 3730 u.
788 3685 813 3730 1.

249 3765 294 3830 (9)
312 3763 376 3814 ibid.

254 3847 299 3912 (5)
313 3861 328 3894 u
347 3841 402 3896 Kar
420 3841 457 3893 brt
473 3841 489 3895 ἡ
506 3837 597 3892 Gesseuu
615 3861 659 3900 της
677 3858 781 3900 urracae
798 3840 867 3907 ὑμων
886 3841 959 3908 putu,
974 3843 998 3905 ἐξ
1014 3842 1126 3911 ἀρχαιων
1143 3847 1364 3910 καταγγελλομενη

218 3944 329 3996 georas,
350 3939 419 3992 μεχρι
438 3943 478 3973 νυν
495 3915 615 3991 brugensi.
627 3944 641 3976 u
653 3925 680 3975 C.
694 3931 719 3974 l.

253 4009 324 4072 (1)(
405 4003 594 4077 “Ος(Παυλος)
608 4025 737 4076 recuperor
752 4008 775 4056 ἐν
789 4007 846 4074 ὕμιν
858 4024 927 4056 κατα
939 4024 1071 4076 προσωπον
1087 4024 1136 4057 των
1149 4024 1204 4057 τοτε
1217 4005 1364 4074 ἀνθρωπων,

220 4081 331 4149 &biberim
348 4084 455 4156 ἀκριίως
466 4103 510 4136 και
523 4085 628 4146 ὕεὸαιως
643 4107 686 4139 τον
698 4103 751 4157 περι
768 4087 884 4146 diabatae
901 4093 993 4156 λογον·
1009 4087 1035 4146 ὸς
1048 4104 1090 4137 και
1105 4089 1175 4138 daur
1193 4088 1250 4156 ὗμιν
1263 4087 1366 4156 ἐγραψιν

220 4172 368 4230 interulae,
391 4168 424 4226 εἰς
445 4168 475 4226 ἀς
495 4169 538 4220 iar
560 4170 709 4238 ἐγκυπτητε,
730 4165 892 4226 δυνηθησεσθι
920 4164 1105 4239 οὶκοδομειοθαι
1128 4169 1160 4227 εἰς
1189 4189 1232 4224 την
1253 4161 1365 4218 bobardum

220 4255 278 4320 ὕμιν
295 4267 386 4302 murtv·
399 4252 449 4303 nG.
465 4257 489 4302 5.

1200 4378 1218 4434 b'
