3150 5160
346 311 385 370 50
770 325 879 368 narses
893 325 1076 370 urosrourcr.

341 471 512 528 ostendendo
531 471 566 527 iis
585 479 669 527 totam
683 470 787 528 Christi
800 469 963 542 religionem
977 471 1131 542 perturbari
1143 488 1175 529 ac
1193 473 1271 542 tolli,
1288 474 1378 550 pergit
1392 474 1487 550 Smyr-

342 579 417 619 nacos
441 577 552 618 monere
568 561 751 625 tutissimam,
771 576 825 632 qua
848 560 965 615 istorum
989 561 1181 618 haereticorum
1201 565 1330 636 scopulos
1343 564 1487 638 effugiant,

344 653 478 709 rationem
494 653 523 707 in
536 668 569 708 eo
588 651 742 707 consistere
761 659 791 707 ut
810 651 948 707 indivulse
963 651 1093 724 episcopo
1103 669 1153 709 ceu
1167 654 1219 726 ipsi
1234 655 1289 712 beo
1307 655 1486 712 adhaereant:

345 765 358 796 u
370 743 473 801 Omnes
484 745 637 814 episcopam
651 741 801 812 sequimini
816 749 847 797 ut
858 741 940 797 lesus
952 742 1081 798 Christus
1098 743 1221 812 Patrem3
1237 755 1264 801 et
1274 746 1487 816 presbyterium,

344 845 376 891 ut
394 835 546 907 apostolos;
566 835 693 888 diaconos
712 842 804 888 autem
826 831 1020 898 revereamini,
1041 840 1072 887 ut
1093 832 1142 888 bei
1165 834 1324 889 mandatum
1345 833 1403 908 (l).
1424 835 1490 891 Sine

344 924 474 996 episcopo
491 941 571 980 nemo
587 925 736 996 quidquam
750 923 831 979 iaciat
851 939 1025 989 eorumquae
1043 922 1076 978 ad
1094 923 1246 979 Ecclesiam
1265 933 1400 996 spectant.
1419 927 1489 980 llata
1514 967 1516 971 .

344 1015 518 1071 Eucharistia
541 1015 674 1071 habeatur
691 1015 753 1078 illa,
773 1030 834 1084 quae
853 1015 904 1070 sub
921 1013 1160 1086 episcopatuum,
1176 1015 1219 1070 vel
1236 1015 1280 1070 cui
1296 1015 1357 1087 ipsc
1374 1031 1490 1071 conces-

345 1106 423 1161 serit.
443 1105 494 1162 Ubi
513 1105 698 1176 comparuerit
719 1104 883 1176 episcopus,
902 1103 940 1159 ibi
963 1113 991 1159 et
1010 1103 1159 1160 multitudo
1181 1104 1233 1171 sit;
1253 1106 1489 1177 quemadmodum

346 1196 393 1252 ubi
417 1195 501 1252 luerit
527 1195 654 1251 Christus
675 1193 770 1260 lesus,
791 1193 830 1250 ibi
854 1209 999 1252 caruouca
1024 1201 1062 1249 est
1084 1192 1264 1250 Ecclesia...
1287 1194 1341 1262 Qui
1367 1194 1488 1252 honorat

345 1287 520 1358 episcopum,
534 1302 549 1341 a
563 1287 618 1341 beo
634 1285 784 1340 honoratus
801 1294 853 1340 est.
868 1284 921 1352 Qui
939 1285 1010 1340 clam
1027 1283 1156 1357 episcopo
1172 1284 1276 1357 aliquid
1290 1286 1359 1360 agit,
1373 1286 1490 1343 Diabolo

346 1384 459 1448 praestat
477 1375 641 1446 obsequium
658 1371 716 1446 (b).
728 1393 742 1426 o

383 1466 513 1522 Eamdem
528 1465 681 1521 doctrinam
698 1464 793 1537 pandit
810 1473 906 1520 auctor
923 1463 951 1519 in
971 1463 1095 1535 Epistola
1113 1465 1151 1519 od
1177 1464 1349 1532 Tralliaaos;
1368 1476 1396 1524 et
1414 1484 1491 1524 com·

347 1564 498 1611 memorata
526 1571 603 1611 sacra
626 1554 794 1622 hierarchia,
814 1554 943 1627 episcopo
963 1555 1083 1623 scilicet,
1106 1555 1274 1629 presbyteris
1298 1569 1326 1614 et
1351 1557 1490 1625 diaconis,

347 1661 465 1717 quorum
487 1645 603 1717 imperio
626 1655 656 1701 ut
678 1661 787 1717 semper
809 1645 999 1716 obsequantur
1021 1646 1175 1702 Trallianos
1197 1646 1323 1718 impense
1343 1648 1490 1714 hortatur,

347 1738 418 1794 hanc
433 1737 509 1794 addit
525 1737 659 1794 rationem
677 1751 684 1793 ε
700 1735 790 1792 cSiae
807 1739 850 1791 his
867 1736 987 1792 Ecclesia
1003 1754 1059 1793 roa
1074 1743 1189 1793 vocatur
1207 1735 1263 1810 (b).
1276 1757 1290 1789 n
1305 1736 1409 1793 Deinde
1424 1753 1492 1795 vero
1549 1742 1552 1748 '

347 1847 401 1902 quo
424 1828 532 1886 facilius
551 1844 581 1884 se
603 1844 619 1884 e
640 1827 783 1884 fallacibus
809 1827 1003 1884 hereticorum
1027 1827 1134 1883 artibus
1154 1826 1317 1898 expediant,
1336 1827 1381 1883 his
1397 1827 1492 1884 verbis

347 1920 521 1976 commendat
539 1919 737 1991 subiectionem
757 1919 886 1991 episcopo
901 1927 929 1975 et
946 1935 995 1990 per
1011 1934 1074 1974 eum
1091 1918 1231 1990 Apostolis
1248 1933 1280 1972 ac
1296 1919 1362 1973 lesu
1379 1918 1492 1975 Christo

347 2011 558 2083 praestandam:
580 2009 628 2064 ch
650 2009 753 2065 talibus
777 2005 955 2081 (haereticis)
980 2007 1064 2081 igitur
1085 2024 1136 2065 vos
1157 2008 1302 2063 custodite.
1325 2006 1403 2074 Quod
1427 2007 1491 2074 liet,

347 2103 372 2159 si
394 2102 480 2157 iullati
503 2118 557 2158 non
579 2101 700 2167 fueritis,
725 2108 752 2156 et
776 2099 908 2156 indivulsi
931 2097 1089 2155 manseritis
1110 2113 1126 2152 a
1147 2098 1203 2154 lleo
1226 2097 1292 2153 lesu
1315 2096 1439 2166 Christo,
1463 2109 1493 2154 et

346 2193 476 2265 episcopo
498 2203 526 2250 et
548 2191 692 2264 praeceptis
713 2190 908 2262 Apostolorum
933 2187 1022 2262 tlt.»
1042 2188 1088 2244 Sic
1110 2198 1203 2243 autem
1224 2205 1242 2243 a
1261 2189 1354 2258 priori
1378 2187 1492 2245 damnat

346 2293 430 2354 atque
451 2299 466 2338 a
489 2285 577 2339 salute
600 2281 721 2338 excludit
741 2281 886 2336 haereticos
905 2280 1009 2352 pariter
1027 2295 1059 2334 ac
1079 2279 1283 2342 schismaticos,
1304 2296 1351 2335 eos
1370 2279 1493 2351 denique

347 2389 443 2430 omues
464 2373 512 2445 qui
535 2389 596 2429 cam
620 2371 751 2428 Ecclesiae
774 2371 892 2428 ducibus
914 2387 968 2426 nou
988 2370 1166 2425 consentiunt
1187 2369 1288 2439 :cQui
1311 2370 1384 2426 iutra
1402 2371 1493 2427 altare

347 2472 403 2531 est,
425 2462 544 2519 mundus
562 2472 620 2528 est3
639 2462 686 2534 qui
707 2478 772 2518 vero
789 2471 865 2518 extra
885 2469 945 2528 est,
966 2477 1022 2516 nou
1041 2467 1084 2516 est
1102 2459 1240 2525 mundus;
1258 2460 1285 2514 h.
1306 2475 1345 2526 e.,
1363 2460 1409 2530 qui
1430 2461 1493 2518 sine

348 2554 477 2625 episcopo
495 2561 523 2609 et
541 2551 711 2626 presbyterio
729 2560 757 2607 et
773 2551 896 2607 diaconis
915 2549 1056 2623 quidpiam
1074 2550 1146 2624 agit,
1159 2549 1184 2606 is
1196 2566 1252 2607 nou
1268 2560 1311 2608 est
1327 2552 1449 2608 mundus
1462 2553 1493 2610 iu

348 2644 518 2702 couscientia
537 2642 625 2718 (5).»
659 2711 661 2716 Ι

386 2735 510 2805 Denique
532 2733 561 2789 in
582 2733 708 2804 Epistola
728 2733 765 2787 ad
782 2732 1017 2802 Philadelpheascs
1045 2730 1142 2787 codem
1163 2730 1221 2788 lere
1250 2731 1331 2788 modo
1350 2734 1493 2806 conceptis

349 2824 442 2881 verbis
454 2824 567 2880 damnat
579 2834 638 2881 tum
650 2823 771 2880 schisma
784 2832 842 2878 tum
857 2821 997 2887 haeresim,
1014 2821 1148 2892 docetque
1161 2821 1240 2876 illum
1253 2823 1332 2891 repat
1346 2823 1394 2876 llei
1407 2823 1494 2879 heare-

349 2918 462 2972 dt'tatcnt
481 2933 537 2972 aaa
557 2933 611 2971 esse
631 2922 836 2970 consecuturam
858 2913 908 2983 qai
928 2912 1074 2967 schismata
1096 2912 1239 2980 facientem
1260 2917 1395 2977 sectatur,
1419 2915 1494 2985 quod

385 3101 424 3165 (l)
444 3103 701 3161 citharaeodorum,
720 3101 746 3151 h.
759 3117 781 3151 e.
800 3108 922 3166 tanquam
939 3098 982 3149 Dei
999 3106 1124 3167 praecepto
1140 3097 1285 3158 institutos,
1297 3106 1327 3150 ut
1341 3099 1452 3151 habetur
1467 3100 1496 3151 in

349 3183 430 3252 Epist.
445 3182 476 3233 ad
487 3182 567 3233 Trall.

383 3264 427 3330 (E)
445 3279 459 3312 u
478 3261 574 3320 Παντες
591 3259 624 3329 τῷ
642 3261 766 3328 ἐπισκοπῳ
791 3260 967 3321 ἀκολουδειτε,
986 3261 1018 3320 ὡς
1035 3258 1131 3320 Ἰησοῦς
1149 3259 1260 3330 Χριστος
1278 3280 1313 3327 τῳ
1335 3278 1425 3331 scarpi,
1444 3280 1492 3312 και

349 3350 384 3410 τῷ
401 3340 561 3414 πρεσὸυτεριῳ
585 3343 617 3402 ὡς
637 3345 688 3400 τοῖς
704 3346 868 3400 sucessisse·
887 3360 944 3400 τους
963 3335 990 3392 δε
1007 3335 1141 3400 ὃιακονους
1159 3343 1309 3410 insperserit,
1331 3345 1362 3402 ὡς
1383 3348 1439 3394 icoo
1457 3347 1497 3395 ἐν·

350 3432 434 3481 τολην.
450 3418 547 3483 Μηδιις
562 3441 636 3494 popae
652 3430 696 3474 τοῦ
714 3425 848 3476 intereras
863 3440 885 3474 τι
905 3442 1033 3493 repascere>
1055 3430 1103 3475 τῶν
1122 3424 1264 3480 ἀνηκοντων
1287 3424 1319 3484 εἰς
1338 3445 1382 3480 την
1406 3428 1499 3482 ἐκκλη-

352 3523 465 3558 σιαν....
492 3505 553 3556 ὅπου
577 3508 608 3556 ἂν
629 3522 692 3573 paraq
713 3504 726 3554 ὁ
749 3507 896 3564 irrorares.
916 3507 963 3556 ὲκει
984 3526 1012 3557 το
1030 3511 1127 3566 alebar
1146 3509 1222 3558 icco·
1241 3511 1320 3576 ὥσπερ
1346 3508 1458 3560 dcccclv
1481 3511 1498 3577 ᾔ

352 3588 463 3658 Χριστος
482 3586 597 3648 Ἰησοῦς,
613 3589 661 3637 isat
672 3587 688 3641 ἡ
701 3591 826 3642 sabolinis
846 3589 966 3642 ἐκκλησῑα
978 3621 1029 3639 ··..
1039 3622 1045 3635 ·
1055 3606 1070 3640 n
1080 3593 1107 3642 C.
1117 3591 1146 3652 8,
1160 3591 1184 3641 9.
1193 3619 1227 3628 -
1235 3590 1498 3644 Animadvertendum

352 3681 390 3725 est
405 3674 446 3724 hic
462 3671 531 3740 apud
547 3670 675 3738 lguatium
691 3670 804 3738 primum
825 3686 956 3720 occurrere
974 3688 1067 3723 nornen
1084 3675 1208 3724 catholicoe
1225 3673 1344 3724 ccclesiae.

386 3755 429 3820 (5)
441 3772 455 3804 a
466 3769 540 3822 χωρις
555 3770 647 3803 τουτων
662 3752 781 3806 {salucia
802 3751 831 3801 οὺ
847 3755 971 3802 καλειται.
985 3771 999 3805 ))
1012 3770 1033 3804 c.
1048 3756 1072 3805 5.

387 3836 428 3902 (b)
441 3852 455 3884 a
469 3832 621 3886 Φυλαττεσθε
638 3853 678 3884 ουν
692 3852 747 3892 τους
759 3850 893 3891 recenseas·
910 3833 992 3888 Tauro
1008 3828 1034 3885 δε
1052 3836 1120 3885 ἐσται
1134 3836 1190 3903 ὗμιν
1201 3856 1233 3902 μη
1253 3853 1436 3904 φυσιουμενοις,
1455 3857 1500 3888 και

355 3917 423 3968 abaco
441 3916 587 3984 ἀχωριστοις
603 3920 657 3966 beau
673 3914 758 3970 'lucau
771 3915 895 3985 Xpteroo,
909 3934 953 3966 aas
967 3937 1011 3969 του
1031 3935 1177 3981 succresco,
1196 3935 1239 3967 και
1256 3939 1303 3968 των
1318 3912 1500 3986 διαταγματων

354 4017 402 4048 των
420 3997 577 4048 draccoleno·
591 4016 605 4048 n
617 4014 639 4048 c.
658 4000 682 4048 7.

388 4080 466 4146 (5)<(
484 4077 508 4132 Ο
526 4080 592 4137 ἐντος
612 4083 789 4149 δυσιαστηριου
808 4081 858 4141 ὧν,
877 4086 986 4151 καθαρος
1004 4082 1082 4132 ἐστιν·
1104 4082 1116 4131 'o
1136 4075 1164 4132 bt
1185 4084 1253 4142 ἑκτος
1269 4082 1316 4143 ὧν,
1340 4083 1369 4133 οὑ
1387 4087 1501 4152 καθαρος

357 4163 433 4212 ἐστιν·
456 4162 520 4212 τουτ’
541 4161 649 4224 ἐστιν,ὁ
673 4179 747 4231 propte
771 4180 904 4241 satqaorma
923 4180 966 4214 aar
989 4161 1158 4233 npeossuasptoo
1178 4182 1221 4216 aas
1239 4157 1358 4215 bracarae
1379 4182 1501 4234 repauses

358 4258 392 4305 τι,
412 4242 483 4303 οὗτος
497 4243 525 4295 ab
543 4247 652 4312 καθαρος
666 4244 729 4296 ἐστιν
747 4264 778 4313 τῃ
797 4238 938 4301 συνειδησει.
955 4264 1001 4298 nc·
1016 4249 1039 4296 7.
