3150 5160
215 374 302 418 carn.
324 372 483 417 unruonus
504 373 677 417 secuuntur.
694 371 801 416 annon.
824 343 1046 416 conrmuarun.
1141 357 1200 416 lor

59 520 161 588 nando,
175 521 349 577 emendando
364 534 397 575 ae
411 519 533 575 sanando
545 518 678 586 reserret3
691 518 728 574 ita
742 526 773 573 ut
785 516 1018 588 quemadmodum
1031 517 1202 573 conservatio

57 613 219 670 continuata
240 611 344 667 creatio
365 618 440 666 recte
461 609 579 676 dieitur,
599 609 640 664 sic
662 617 690 664 et
709 607 886 664 revelationis
908 607 1012 663 Christi
1031 607 1202 663 conservatio

56 701 218 758 continuata
236 701 367 757 revelatio
385 700 481 754 baberi
500 708 603 771 posset.
623 700 649 754 ls
666 699 740 755 enim
758 713 813 754 non
830 708 873 753 est
889 698 963 753 Deus
980 698 1027 768 qui
1045 714 1115 768 opus
1133 698 1203 753 inci-

53 794 130 866 piat,
150 801 179 848 et
200 791 340 863 inceptum
363 791 456 846 statim
476 790 599 856 deserat;
619 790 692 859 quod
712 789 794 860 coepit
816 788 946 855 absolvit,
967 796 1066 859 etqua
1086 804 1202 844 exorsus

53 893 100 940 est
121 882 271 954 sapientia,
291 881 388 936 eadem
406 895 515 950 quoque
538 878 654 950 perficit.
677 880 769 950 ltaque
788 878 1018 949 quemadmodum
1040 879 1202 948 aspectabili

53 984 86 1030 et
97 974 160 1030 viva
179 971 265 1029 iorma
278 971 393 1027 indutus
406 970 455 1026 Dei
468 969 568 1034 Filius,
583 977 614 1024 ut
626 970 753 1025 homines
769 970 894 1032 doceret,
912 976 1022 1023 sanaret
1034 983 1066 1023 ao
1080 976 1200 1041 regeret,

54 1063 154 1119 orbem
174 1063 249 1117 hunc
269 1061 391 1117 invisere
415 1077 470 1117 non
495 1060 600 1127 renuit,
621 1060 659 1115 ita
676 1060 812 1132 ejusmodi
832 1060 950 1115 condere
968 1058 1063 1114 debuit
1081 1058 1202 1114 auctori-

52 1161 145 1208 tatem
161 1151 266 1218 vivam‚
284 1151 388 1207 visibili
403 1151 495 1222 specie
508 1150 637 1205 omnibus
655 1150 832 1221 conspicuam
847 1158 874 1205 et
888 1148 982 1204 itidem
995 1148 1087 1204 divina
1099 1149 1203 1204 virtute

54 1244 218 1316 praeditam,
238 1243 362 1314 adeoque
382 1242 485 1297 erroris
506 1241 642 1306 nesciam,
659 1241 688 1295 in
707 1250 856 1306 aeternnm,
874 1248 956 1311 prout
969 1238 1096 1313 efflagitat
1114 1240 1204 1296 chris-

55 1334 186 1390 tianismi
206 1333 392 1405 perpetuitas,
411 1346 636 1403 permansuram,
656 1345 717 1400 quae
737 1330 832 1385 eadem
852 1329 900 1384 illa
919 1329 1028 1395 munia,
1048 1328 1109 1399 ipso
1127 1330 1203 1386 intus

57 1433 190 1480 movente
208 1439 240 1479 ac
257 1423 344 1480 veluti
363 1432 484 1478 mentem
502 1421 679 1487 infundente,
697 1429 758 1475 tuto
777 1427 927 1494 perageret.

99 1512 168 1580 Quae
180 1529 267 1584 quum
284 1513 322 1567 ita
340 1529 371 1568 se
387 1514 518 1579 habeant,
532 1511 614 1583 plane
630 1511 789 1582 expeditum
807 1520 849 1566 est
864 1510 1036 1567 auctoritatis
1052 1510 1205 1568 institutio-

59 1620 126 1660 nem
140 1620 156 1659 a
169 1604 274 1660 Christi
288 1603 456 1660 revelatione
474 1602 581 1676 sejungi
599 1617 655 1657 non
671 1617 767 1673 posse,
778 1600 821 1656 vel
840 1600 897 1657 sola
914 1600 1090 1657 revelationis
1105 1603 1206 1657 divina

60 1697 176 1752 notione
189 1703 324 1766 spectata;
337 1704 364 1750 et
378 1710 471 1766 porro,
488 1702 519 1749 nt
529 1691 632 1748 Christi
646 1706 729 1762 scopo
742 1692 920 1762 respondeat,
936 1691 1018 1745 talem
1032 1707 1093 1746 csse
1105 1692 1206 1748 debere

61 1788 173 1858 qualem
186 1795 300 1841 tuentur
313 1783 451 1840 catholici.

99 1875 189 1943 Quam
201 1876 303 1931 thesim
317 1875 358 1930 sic
370 1873 515 1930 ratiocinio
528 1874 675 1946 perspicuo
689 1871 841 1928 conlectam
856 1871 936 1927 lacile
951 1870 1021 1928 iuret
1035 1873 1206 1945 argumentis

62 1966 176 2022 aliunde
189 1966 296 2031 ductis,
309 1964 389 2020 lactis
407 1965 513 2020 scilicet
527 1973 554 2019 et
567 1966 648 2038 longo
663 1964 827 2019 saeculorum
841 1952 1029 2033 experimento
1042 1962 1160 2018 firmare.

100 2059 135 2115 Ut
154 2056 278 2113 enimin
298 2056 382 2127 priori
400 2056 484 2127 hujus
505 2056 596 2127 operis
616 2064 694 2125 parte
712 2054 848 2119 vidimus,
871 2053 958 2118 Deus,
979 2061 1009 2108 ut
1027 2069 1120 2109 veram
1139 2053 1206 2110 reli-

63 2149 174 2221 gionem
192 2156 329 2202 terrarum
346 2145 448 2201 linibus
468 2161 582 2217 prorsus
598 2144 808 2200 exterminatam
825 2159 879 2198 non
897 2143 1014 2210 sineret,
1030 2145 1103 2216 apud
1119 2161 1207 2217 popu-

64 2239 122 2293 lum
145 2238 264 2294 electum
287 2237 480 2292 auctoritatem
500 2236 682 2292 constituerat
699 2250 761 2304 quae
784 2244 888 2290 rectam
910 2235 1063 2291 doctrinam
1086 2247 1210 2294 servaret

64 2329 254 2398 traderetque;
273 2327 391 2383 ethnicae
408 2336 501 2382 antem
516 2334 629 2399 gentes,
643 2325 744 2397 qnibns
760 2326 813 2381 hoc
830 2326 924 2382 deerat
943 2327 1114 2394 subsidium,
1131 2328 1210 2386 brevi

64 2418 93 2473 in
117 2433 216 2475 omnes
239 2434 347 2473 errores
373 2433 477 2488 eosque
503 2416 681 2488 turpissimos
703 2417 787 2487 lapsae
813 2425 896 2482 sunt,
920 2431 972 2471 nec
996 2417 1074 2488 prius
1097 2427 1209 2490 accepta

64 2509 192 2583 dogmata
220 2517 316 2564 tenere
341 2517 501 2580 potuerunt.
528 2507 656 2564 Attamen
683 2506 802 2561 multum
827 2506 998 2561 discriminis
1023 2506 1139 2562 interest
1166 2507 1210 2562 in-

64 2611 107 2658 ter
124 2599 227 2657 Christi
248 2600 445 2655 revelationem
471 2609 498 2654 et
515 2614 574 2654 eam
596 2614 658 2670 quae
680 2597 838 2668 primitnsa
857 2596 913 2651 Deo
939 2595 1009 2650 lacta
1028 2594 1125 2650 suerat,
1145 2595 1210 2652 llaec

63 2691 167 2762 quippe
190 2688 263 2743 cirea
284 2689 427 2760 religionis
450 2690 585 2744 naturalis
608 2690 717 2745 decreta
739 2703 810 2757 pene
833 2694 941 2741 tantum
964 2686 1142 2753 versabatur,
1163 2686 1210 2742 illa

64 2794 130 2836 vero
148 2792 230 2848 qnam
250 2776 369 2847 plurima
389 2777 523 2832 doetrinae
539 2778 627 2848 capita
646 2776 867 2849 supernaturalia
884 2791 917 2831 ac
933 2777 1054 2845 positiva
1071 2777 1210 2847 complec-

64 2870 150 2934 titur,
169 2866 223 2921 alia
241 2867 386 2938 perpaucis
405 2867 578 2941 dogmatibus
595 2867 752 2934 constabat,
773 2866 868 2921 multis
885 2866 976 2937 iisque
993 2865 1208 2935 difficilioribus,

64 2974 129 3015 cum
143 2958 272 3012 humanae
284 2957 401 3013 rationis
419 2957 577 3015 notionibus
594 2958 687 3013 minus
705 2957 853 3028 perspicue
869 2957 1086 3022 cohaerentibus,
1101 2966 1210 3015 constat

64 3050 162 3106 altera.
183 3045 284 3103 Oculos
304 3063 368 3120 ergo
388 3048 529 3120 paulisper
548 3048 694 3120 conjicias,
714 3047 813 3115 velim,
833 3047 862 3102 in
885 3047 1039 3104 luctuosam
1061 3048 1209 3106 admodum

65 3139 241 3197 ethnicarum
251 3138 376 3211 gentium
387 3138 548 3205 historiam,
558 3148 641 3210 atque
654 3137 785 3209 inspicias
795 3137 875 3209 quid,
889 3138 1034 3195 deficiente
1046 3140 1210 3197 auctoritate

65 3230 201 3286 divinitus
220 3229 386 3294 constituta,
408 3228 480 3300 apud
499 3229 562 3285 illas
580 3231 623 3285 vel
642 3231 676 3285 de
695 3229 835 3300 primariis
852 3230 995 3303 religionis
1013 3233 1147 3288 naturalis
1162 3232 1210 3289 de-

67 3320 150 3376 cretis
167 3328 260 3374 actnm
279 3319 362 3376 suerit
376 3337 383 3375 ε
397 3319 499 3390 ubique
516 3335 599 3391 quam
618 3320 763 3376 loedissimi
779 3335 887 3376 errores
904 3331 1067 3388 occurrunt;
1083 3323 1210 3394 dogmata

65 3411 111 3467 illa
125 3411 229 3483 passim
248 3411 340 3485 ignota
357 3419 405 3467 aut
422 3410 574 3466 adulterata
593 3417 758 3475 cernuntur,
773 3417 800 3464 et
816 3410 905 3480 ipsius
922 3410 971 3465 Dei
988 3411 1065 3466 notio
1081 3420 1210 3482 corrupta

67 3509 191 3574 apparet.
204 3501 245 3556 En
259 3517 313 3573 quo
330 3502 444 3558 adduxit
463 3501 635 3558 auctoritatis
653 3498 761 3571 inopia!
776 3500 815 3555 Eo
828 3516 873 3555 res
886 3499 997 3556 devenit
1009 3510 1067 3556 uta
1084 3501 1208 3568 nemine,

69 3600 100 3648 ut
114 3592 225 3664 opinor,
240 3592 269 3646 in
285 3591 401 3647 dubium
413 3593 504 3647 vocari
521 3592 610 3664 possit
625 3593 683 3649 haec
700 3591 852 3662 propositio
867 3607 875 3646 ι
888 3591 976 3646 sicubi
988 3593 1074 3660 defuit
1087 3594 1209 3648 auctori-

67 3691 126 3749 tas,
141 3684 181 3738 ibi
194 3688 217 3737 ct
230 3683 316 3750 defuit
328 3683 441 3737 ueritus.

104 3774 173 3842 Quis
196 3772 280 3846 igitur
301 3772 360 3827 haec
382 3770 557 3842 conspiciens
579 3786 739 3827 asseverare
759 3788 815 3828 non
835 3772 941 3829 veritus
962 3771 1046 3826 luerit
1067 3771 1210 3829 Christum

68 3864 216 3920 Dominum
230 3862 382 3918 secundum
402 3860 523 3918 divinam
542 3877 596 3933 qua
613 3863 734 3933 pollebat
751 3863 915 3935 sapientiam
934 3861 1038 3934 egisse,
1062 3862 1085 3918 si
1104 3864 1209 3919 nullam

69 3955 240 4011 condidisset
261 3952 468 4019 auctoritatem,
495 3968 547 4008 nec
563 3952 633 4007 illud
655 3953 846 4009 constituisset
869 3952 1059 4025 magisterium
1082 3955 1155 4025 quod
1180 3954 1210 4009 in

69 4043 193 4100 Ecclesia
211 4043 346 4099 catholica
364 4039 506 4099 cernitur?
523 4043 579 4116 Ego
599 4057 666 4097 sane
684 4044 758 4099 haud
777 4059 910 4114 assequor
926 4042 973 4113 qul
991 4042 1211 4115 supernaturalis

69 4133 174 4189 Christi
201 4133 377 4190 revelationis
398 4133 527 4190 defensor
549 4132 696 4205 quisquam
718 4143 775 4191 tam
797 4143 906 4206 apertas
922 4134 1119 4208 repugnantias
1137 4132 1211 4188 lerre

70 4231 163 4293 queat.

105 4312 202 4386 Neque
222 4329 287 4372 vero
309 4329 431 4390 opponas
455 4314 576 4375 ethnicis
601 4315 711 4389 populis
733 4316 820 4376 libros
840 4333 933 4376 sacros
956 4332 971 4373 e
994 4315 1095 4389 quibus
1116 4327 1211 4371 veram
