3150 5160
213 346 274 406 l'll
533 360 660 405 carnot.
682 359 815 404 unruom
836 359 1037 404 oncamsuos.

210 510 295 566 Porro
320 506 454 562 Dominus
482 505 580 573 lesus,
604 508 670 562 dnm
695 506 769 563 inter
798 506 927 562 homines
955 505 1042 561 vitam
1071 507 1221 563 mortalem
1246 520 1360 581 ageret,

210 606 297 654 totam
316 612 382 653 sane
394 597 573 652 christianam
588 595 784 653 revelationem
797 596 827 651 in
841 611 872 651 se
891 595 1019 669 gerebat,
1036 612 1119 667 quam
1140 613 1202 653 cum
1222 597 1361 671 Apostolis

211 687 446 754 communicabat3
469 688 544 742 nulla
567 687 663 758 procul
688 686 773 743 duhio
795 686 890 742 aderat
912 686 966 742 alia
989 686 1137 754 revelatio,
1160 685 1362 760 proptereaque

211 794 265 833 una
284 786 392 832 tantum
412 785 454 832 est
472 777 624 833 christiana
647 777 754 850 religio.
775 775 831 831 Sed·
850 775 917 848 quid
937 785 981 832 est
1003 776 1126 832 Ecclesia
1150 778 1206 833 nisi
1228 780 1361 835 christia-

211 868 320 924 nismus
338 867 460 922 exterius
478 868 622 938 proditus,
642 883 725 923 carne
743 876 771 923 et
784 868 919 942 sanguine
932 868 1121 939 conspicuus,
1139 878 1168 924 et
1187 869 1243 925 rite
1258 870 1363 926 consti-

211 967 289 1014 tutus
301 973 333 1013 ac
345 959 544 1027 organizatus?
558 957 585 1012 Si
603 958 720 1028 proinde
739 973 793 1013 una
814 966 857 1013 est
876 957 1029 1014 christiana
1049 958 1162 1030 religio,
1176 974 1230 1030 qna
1257 958 1363 1015 ratione

211 1048 307 1120 plures
325 1063 387 1103 esse
407 1056 537 1119 poterunt
556 1046 698 1103 ecclesiae?
719 1047 747 1103 Si
770 1063 824 1103 una
844 1047 874 1103 iu
897 1063 929 1104 se
949 1049 1136 1120 conspicitur,
1156 1064 1206 1104 cnr
1229 1050 1362 1106 unitatem

212 1138 321 1192 amittat
341 1138 388 1193 uhi
409 1139 531 1194 exterius
545 1136 690 1210 proditur?

249 1229 394 1301 Repugnat
407 1245 470 1301 ergo
493 1245 575 1284 uuam
593 1245 655 1285 esse
674 1228 854 1284 christianam
874 1228 1053 1302 religionem,
1072 1246 1128 1287 non
1150 1240 1242 1287 autem
1267 1232 1362 1289 Eccle-

214 1319 285 1375 siam
305 1335 354 1376 seu
372 1319 513 1393 religionis
535 1319 783 1393 organizatiouem;
803 1328 831 1374 et
851 1318 874 1374 si
895 1319 958 1390 quis
976 1329 1074 1376 censet
1094 1321 1278 1394 multiplicem
1300 1339 1362 1381 esse

160 1466 166 1477 ,
213 1426 296 1482 posse
318 1411 481 1478 Ecclesiam,
506 1411 572 1466 dum
596 1426 667 1465 nnus
686 1417 729 1466 est
748 1409 989 1478 christianismus,
1004 1409 1077 1467 idem
1099 1422 1143 1469 est
1161 1428 1194 1468 ac
1215 1413 1239 1469 si
1258 1413 1361 1471 diceret

214 1500 290 1556 hunc
301 1499 384 1556 simul
406 1517 492 1556 unum
512 1509 539 1556 et
557 1499 740 1572 multiplicem
756 1515 827 1556 esse.

250 1591 422 1663 Quicumque
446 1592 573 1648 notiones
595 1607 680 1663 snpra
704 1590 820 1646 traditas
846 1591 998 1663 approhare
1019 1607 1075 1647 non
1098 1591 1284 1659 recusaverit,
1312 1606 1360 1647 nec

213 1699 279 1740 vero
298 1699 345 1739 eas
363 1683 497 1754 repellere
518 1681 558 1738 ias
578 1691 621 1737 est
638 1681 705 1752 quin
724 1681 839 1737 tollatur
858 1682 1079 1752 supernaturalis
1092 1681 1197 1738 Christi
1214 1681 1357 1747 revelatio,

214 1774 239 1830 is
257 1789 366 1846 quoque
386 1773 550 1830 confiteatur
569 1781 677 1844 oportet
693 1789 749 1828 non
768 1772 823 1828 nisi
843 1787 927 1827 unam
944 1788 960 1826 a
979 1771 1089 1829 Christo
1109 1772 1220 1828 institui
1239 1770 1358 1844 potuisse

214 1863 387 1920 Ecclesiam:
403 1864 493 1936 posita
510 1863 715 1934 supernaturali
731 1861 835 1918 Christi
853 1861 1032 1928 revelatione,
1051 1878 1166 1918 summae
1183 1862 1301 1919 inscitiae
1319 1869 1359 1918 est

214 1953 343 2008 arbitrari
363 1969 426 2009 eunt
447 1953 547 2010 sivisse
566 1963 597 2008 ut
617 1954 663 2009 illa
684 1953 713 2007 in
736 1953 831 2025 plnres
851 1952 939 2007 veluti
960 1961 1052 2024 partes
1072 1954 1290 2021 distraheretur,
1312 1968 1358 2008 nec

215 2043 419 2115 providissent
439 2045 544 2116 integra
564 2059 674 2115 semper
691 2043 872 2111 consisteret,
891 2053 973 2115 atque
991 2044 1097 2117 integra
1121 2043 1205 2100 etiam
1227 2043 1296 2098 citra
1314 2041 1358 2098 ad·

216 2134 350 2190 ditionem
363 2135 596 2191 detractionemve
609 2134 643 2190 ah
657 2135 797 2205 illaquam
810 2134 964 2190 condiderit
976 2135 1141 2191 auctoritate
1154 2134 1189 2190 ah
1204 2133 1358 2189 hominibus

216 2223 416 2295 susciperetur.
431 2224 526 2296 ltaque
540 2224 692 2281 christiana
711 2224 809 2297 religio
826 2225 918 2280 divina
931 2225 1042 2297 agnosci
1057 2224 1170 2296 nequit,
1183 2225 1251 2296 quin
1264 2240 1359 2298 agnos-

217 2321 296 2369 catur
308 2313 447 2381 Ecclesia,
462 2314 574 2385 hmcque
592 2331 647 2370 non
664 2315 718 2371 uisi
733 2331 786 2370 nna
800 2315 975 2388 intelligitur.

254 2405 321 2474 Quae
342 2420 427 2476 quum
450 2405 488 2460 ita
511 2405 583 2471 siut,
606 2404 752 2461 conficitur
774 2421 820 2461 eos
845 2420 940 2461 omnes
962 2404 1010 2477 qui
1031 2405 1066 2459 ah
1088 2405 1140 2460 hac
1162 2420 1218 2460 una
1240 2402 1358 2460 Ecclesia

217 2496 302 2551 alieni
322 2505 400 2562 sunt,
417 2512 433 2551 a
452 2495 602 2552 christiana
624 2496 721 2551 itidem
741 2494 874 2569 religione
893 2504 921 2550 et
942 2494 977 2550 ab
1002 2495 1062 2566 ipso
1085 2493 1196 2549 Christo
1217 2492 1358 2550 deiecisse.

217 2585 297 2653 Quod
308 2585 419 2656 quidem
433 2586 536 2657 saepius
545 2587 618 2657 apud
632 2587 728 2642 Patres
738 2586 844 2642 dictum
858 2586 1032 2642 offendimus.
1044 2586 1212 2640 Recolantur
1224 2584 1252 2638 in
1265 2583 1360 2656 primis

218 2693 280 2749 quae
298 2677 378 2734 nohis
396 2677 475 2732 obvia
494 2676 573 2732 luere
595 2675 667 2749 apud
684 2676 713 2732 S.
734 2676 886 2751 lguatium,
905 2675 1108 2732 Tertullianum
1127 2683 1155 2730 et
1174 2673 1357 2747 cyprianum:

218 2775 351 2839 perpetuo
371 2766 471 2823 docent
492 2769 560 2824 adeo
584 2783 698 2824 neeesse
721 2784 783 2824 esse
803 2784 866 2825 cum
890 2767 1030 2833 Ecclesia,
1051 2781 1133 2838 quam
1157 2781 1241 2821 unam
1262 2764 1360 2836 ubique

219 2859 382 2930 praedicant,
397 2859 556 2915 consentire
571 2874 604 2913 ac
617 2858 761 2932 conjungi,
776 2866 807 2914 ut
821 2875 853 2914 ex
867 2874 961 2914 eorum
977 2857 1101 2913 doctrina
1116 2873 1131 2912 a
1145 2855 1202 2912 Deo
1214 2864 1242 2912 et
1254 2854 1360 2911 Christo

220 2949 301 3020 plane
314 2950 475 3005 discesserit
487 2950 535 3021 qui
554 2949 630 3005 illins
648 2964 703 3005 non
719 2949 757 3004 sit
774 2949 923 3020 particeps.
938 2947 1010 3003 Hinc
1022 2946 1211 3002 Tertullianus
1224 2947 1263 3000 ait
1277 2946 1361 3001 haerc-

219 3040 291 3095 ticos
304 3056 359 3096 non
373 3055 435 3096 esse
447 3042 481 3096 ad
493 3038 704 3111 disceptandum
717 3039 751 3095 de
769 3038 920 3110 Scripturis
936 3036 1137 3103 admittendoS,
1154 3036 1227 3108 quod
1240 3036 1295 3108 ipsi
1310 3051 1362 3091 non

221 3137 288 3184 suut
312 3128 475 3195 christiani,
500 3128 649 3199 Scripturae
672 3144 738 3184 vero
761 3137 828 3184 sunt
852 3127 1079 3183 christianorum.
1106 3127 1172 3182 lnde
1198 3126 1362 3182 creberrime

222 3217 306 3274 tradit
319 3214 471 3289 Cyprianus
487 3233 550 3272 eum
570 3219 617 3289 qui
632 3218 783 3274 Ecclesiam
797 3234 853 3274 non
868 3226 958 3285 tenet,
972 3235 988 3273 a
1001 3216 1105 3273 Christi
1119 3217 1273 3284 consortio,
1287 3233 1303 3272 a
1316 3215 1362 3271 Dei

222 3307 326 3363 familia
343 3316 481 3362 semotum
499 3323 576 3374 esse,
590 3309 712 3381 adeoque
730 3317 761 3365 nt
777 3309 913 3375 alienum,
929 3308 1074 3381 prolanum
1088 3319 1116 3364 et
1134 3309 1244 3364 hostem
1260 3306 1362 3363 hahen-

223 3399 299 3455 dum.
316 3398 479 3466 Enimvero,
497 3399 716 3456 contestantibus
735 3400 864 3455 Patribus
880 3398 1034 3466 universiS,
1049 3399 1078 3454 id
1097 3397 1169 3470 quod
1183 3407 1211 3454 et
1228 3413 1280 3454 nos
1296 3413 1362 3470 quo·

223 3507 277 3563 que
299 3491 532 3556 monstravimus,
558 3491 681 3547 Ecclesia
703 3490 778 3545 vices
798 3489 902 3545 Christi
928 3489 1016 3563 gerit,
1043 3488 1171 3545 Christus
1198 3497 1292 3544 autem
1317 3485 1364 3543 Dei

223 3582 331 3648 Patris;
346 3590 374 3637 et
390 3581 493 3638 idcirco
510 3581 557 3652 qui
576 3590 652 3636 extra
668 3581 820 3636 Ecclesiam
842 3589 982 3647 versatur,
1002 3579 1026 3636 is
1045 3596 1097 3635 uec
1114 3579 1225 3636 Christo
1243 3596 1295 3635 nec
1311 3579 1364 3634 Deo

224 3671 361 3728 cohaerere
375 3680 465 3743 potest
481 3687 487 3725 :
502 3690 516 3722 n
528 3670 635 3726 llahere
652 3671 708 3740 jam
728 3685 784 3726 uon
802 3679 893 3741 potest
910 3671 997 3726 Deum
1015 3680 1135 3742 patrem,
1152 3670 1243 3726 aiebat
1255 3669 1364 3744 Cypria-

225 3777 291 3828 nus,
304 3763 351 3832 qni
365 3761 515 3818 Ecclesiam
529 3777 585 3818 non
599 3761 682 3816 hahet
695 3769 821 3816 matrem.
834 3780 848 3813 u
861 3761 938 3818 Unus
949 3762 1036 3827 Deus,
1051 3777 1124 3816 unus
1138 3758 1281 3828 Christus,
1295 3773 1365 3815 nnus

226 3849 468 3919 christianismus;
488 3868 542 3908 una
565 3867 630 3926 ergo
651 3852 745 3908 divina
767 3851 885 3920 familia,
905 3868 960 3907 una
982 3851 1134 3908 christiana
1156 3851 1291 3918 societas,
1315 3864 1366 3906 una

225 3940 359 3998 Ecclesia.
382 3941 485 4013 Sponte
504 3944 588 4018 igitur
605 3959 638 3999 ac
656 3943 812 4000 necessaria
830 3944 891 4017 lege
911 3942 973 3999 ssuit
994 3942 1064 3998 illud
1083 3941 1283 3999 catholicorum
1303 3939 1366 3997 elia·

226 4039 288 4087 tum
308 4047 315 4086 :
335 4037 416 4086 extro
446 4032 592 4089 Ecclesiam
611 4050 667 4090 aon
697 4039 736 4088 est
764 4035 861 4100 salus,·
887 4034 940 4089 hoc
965 4034 1067 4106 quippe
1093 4033 1202 4090 sublato
1232 4033 1366 4104 susdeque

227 4131 375 4178 vertuntur
391 4123 518 4180 notiones
536 4141 646 4192 omnes,
674 4126 899 4182 christianismus
919 4126 1020 4180 sensns
1034 4132 1118 4196 atque
1138 4122 1254 4180 rationis
1273 4134 1366 4194 expers

229 4213 360 4281 efficitur,
375 4223 403 4270 et
415 4229 509 4271 secum
522 4214 582 4286 ipse
594 4216 741 4273 manifesto
755 4223 868 4290 pugnat.

266 4303 305 4360 Ea
318 4312 409 4362 antem
423 4303 554 4362 Ecclesiae
568 4305 659 4364 unitas
671 4305 776 4380 duplici
792 4307 873 4365 modo
888 4305 1042 4374 scinditur,
1055 4305 1155 4364 haeresi
1171 4313 1199 4363 et
1212 4303 1365 4363 schismate.
