3150 5160
380 368 405 411 s.
430 369 583 424 ineuntes,
607 368 767 412 eruscorus
784 368 991 413 tununnensis
1216 355 1260 415 35

108 524 197 569 terne
214 513 327 569 Latinis.
347 511 437 584 htque
455 523 487 569 ut
504 514 560 585 jann
580 514 626 568 hie
643 529 691 569 eos
708 514 871 570 nominatim
891 515 1050 589 designem,
1068 515 1096 569 hi
1116 525 1202 571 sunt:
1223 531 1258 572 ex

108 603 216 657 (lamnis
241 617 340 673 nempe
360 601 388 658 S.
410 603 543 670 lrenaeus,
557 603 685 658 Clemens
704 603 923 671 Alexandrinus,
943 605 971 660 S.
992 605 1160 661 Athanasius
1180 615 1208 661 et
1227 608 1254 663 S.

108 692 246 758 Basilius;
265 707 298 746 cx
319 692 424 748 Latinis
449 704 541 748 autem
566 693 769 758 Tertullianus,
795 693 822 749 S.
846 694 1014 767 Cyprianus,
1037 696 1064 752 S.
1086 696 1257 770 Augustinus

107 793 140 838 et
160 782 322 839 Vincentius
344 783 514 839 Lerinensis.
536 784 577 840 ho
594 784 697 839 lrenaeo
717 784 854 839 exordior.

657 998 716 1070 gr.

407 1212 429 1250 S.
451 1212 584 1259 lliENAEUS,
604 1211 744 1252 aelstanus
763 1210 950 1251 tununnensis.

148 1406 176 1462 S.
193 1406 313 1463 lrenaeus
325 1408 355 1462 B.
370 1407 511 1482 Polycarpi
529 1407 684 1480 discipulus
701 1418 774 1473 erat,
795 1416 826 1463 ut
839 1408 899 1480 ipse
913 1417 1033 1464 testatur
1053 1408 1080 1463 in
1101 1423 1133 1464 co
1152 1424 1209 1464 suae
1221 1409 1256 1464 ad

108 1497 255 1552 Floriuum
284 1497 414 1569 Epistulae
441 1497 594 1570 fragmento
621 1499 694 1570 quod
721 1499 842 1554 serravit
870 1498 1007 1554 Eusebius
1037 1496 1097 1570 (l).
1134 1499 1256 1554 Plurima

107 1584 283 1652 eruditione,
305 1596 333 1642 et
354 1587 509 1659 praesertim
525 1588 642 1642 maxima
665 1588 770 1660 ingenii
789 1587 816 1642 ri
840 1603 872 1643 ae
894 1588 954 1643 acie
979 1587 1099 1659 pollebat
1120 1589 1255 1657 lrenaeus;

108 1678 167 1732 imo
190 1691 254 1731 vero
273 1677 346 1732 inter
368 1679 464 1735 Patres
482 1686 510 1733 et
527 1678 649 1749 reliquos
671 1677 821 1748 scriptores
835 1678 883 1749 qui
901 1678 994 1733 iudea
1008 1677 1118 1735 Christo
1137 1681 1171 1735 ad
1191 1697 1256 1737 nos·

108 1776 183 1821 tram
205 1774 314 1822 aetatem
335 1782 423 1839 usque
446 1767 562 1822 scientia
582 1782 613 1822 ac
632 1767 816 1838 praestantiori
831 1767 934 1822 mentis
948 1767 1049 1824 virtute
1065 1771 1257 1826 excelluerunt

108 1856 275 1928 praeclarum
296 1856 387 1913 locum
405 1855 460 1912 sihi
474 1857 538 1926 jure
559 1856 691 1912 vindicat.
711 1858 794 1912 llulta
813 1856 900 1913 edidit
920 1857 1037 1928 scripta,
1058 1859 1106 1913 sed
1125 1860 1257 1932 pleraque

108 1958 267 2018 temporum
282 1947 382 2018 injuria
397 1946 572 2003 interierunt.
588 1948 679 2004 Unum
691 1957 784 2003 tamen
795 1957 823 2003 et
836 1948 948 2019 quidem
960 1948 1129 2019 praecipuum
1140 1949 1256 2005 feliciori

109 2038 221 2094 fortuna
239 2053 322 2094 usum
344 2038 378 2093 ad
398 2053 448 2093 nos
468 2037 594 2108 pervenit
609 2055 615 2093 :
630 2047 674 2094 est
692 2049 786 2094 autem
807 2046 941 2093 tractatus
964 2038 1116 2109 polemicus
1135 2039 1181 2111 qui
1200 2039 1256 2096 dici

109 2129 257 2186 consuevit
275 2128 412 2184 Adversus
433 2129 551 2184 Haereses
572 2126 631 2203 (ἢ).

148 2221 206 2276 Hoc
233 2236 315 2291 porro
342 2227 461 2276 tractatu
489 2218 584 2275 nullus
606 2218 679 2273 cirea
705 2218 778 2274 idem
801 2228 993 2292 argumentum
1019 2220 1160 2292 antiquior
1181 2231 1256 2278 certe

109 2312 245 2377 occurrit,
266 2323 294 2366 at
314 2310 407 2366 neseio
420 2325 471 2382 ego
492 2325 527 2364 an
545 2311 574 2364 in
589 2318 731 2380 posterum
753 2308 826 2364 alius
846 2324 968 2381 unquam
987 2309 1073 2365 luerit
1095 2311 1186 2367 editus
1208 2314 1254 2383 qui

110 2401 152 2456 illi
166 2401 295 2471 quopiam
307 2409 387 2472 paeto
402 2409 529 2470 praestet,
541 2399 697 2472 praesertim
710 2399 783 2470 quod
797 2399 897 2454 attinet
912 2400 946 2456 ad
960 2401 1084 2456 methodi
1095 2417 1143 2457 seu
1153 2404 1256 2476 regulae

109 2491 268 2547 traditionis
281 2490 481 2562 expositionem
497 2490 694 2556 seientisseam,
708 2499 791 2561 atque
809 2505 905 2546 eorum
927 2492 1037 2547 taudem
1055 2493 1255 2565 principiorum

110 2582 236 2637 omnium
249 2597 283 2636 ex
299 2581 401 2652 quibus
414 2590 524 2637 constat
537 2580 683 2652 theologiae
696 2579 855 2636 christianae
867 2596 932 2636 vera
945 2596 977 2636 ac
991 2597 1121 2656 germana
1136 2583 1252 2639 indoles.

149 2670 283 2737 Quocirca
305 2687 361 2726 non
383 2671 417 2724 ad
439 2670 606 2727 refellendos
620 2680 806 2742 protestantes
825 2671 920 2737 modo,
936 2672 1129 2727 verumetiam
1147 2673 1254 2727 adrem

111 2759 295 2831 theologicam
318 2759 508 2813 exornandam
530 2759 650 2814 maxime
676 2761 806 2815 idoneum
830 2770 874 2816 est
897 2760 965 2817 illud
991 2762 1021 2816 h.
1049 2762 1145 2817 lrenaei
1169 2778 1254 2835 opus;

112 2857 141 2903 et
159 2848 222 2903 ideo
246 2848 329 2918 paulo
352 2847 494 2918 copiosius
516 2846 552 2902 de
574 2863 606 2902 eo
625 2847 750 2903 dicturus
772 2865 843 2904 sum.

150 2935 250 3007 Operis
269 2945 463 3009 argumentum
482 2937 509 2991 in
529 2952 561 2993 eo
585 2948 724 3005 versatur,
751 2949 782 2994 ut
799 2939 991 2997 Gnosticorum
1009 2957 1117 3000 errores
1135 2944 1253 3002 refellat.

113 3029 142 3084 ln
162 3029 210 3084 lib.
226 3027 369 3099 lprimum
389 3027 503 3098 exponit
519 3038 639 3100 systema
653 3029 923 3098 Valentinianorum,
936 3033 1017 3103 eique
1032 3034 1146 3105 opponit
1160 3035 1256 3093 Eccle-

112 3119 162 3176 siae
183 3118 441 3190 doctrinamque,
465 3117 568 3189 inquit,
584 3128 716 3190 perpetuo
735 3120 830 3177 eadem
859 3132 1016 3194 permanet,
1036 3140 1122 3195 quum
1144 3126 1255 3183 haereti·

113 3226 209 3268 eorum
226 3211 352 3285 dogmata
373 3211 401 3265 in
423 3209 483 3265 dies
499 3210 690 3267 immutantur.
712 3214 838 3270 Perbelle
859 3215 905 3269 hic
924 3214 1003 3271 docet
1023 3217 1153 3273 Ecclesiae
1171 3218 1254 3274 fidem

112 3317 223 3372 semper
242 3316 324 3356 unam
346 3300 527 3371 eamdemque
549 3302 652 3374 ubique
669 3313 805 3360 terrarum
828 3322 1022 3377 perseverare,
1044 3308 1118 3379 quod
1135 3325 1195 3364 earn
1219 3311 1254 3366 ab

112 3409 169 3449 uno
194 3392 325 3466 magistro
354 3392 491 3464 acceperit
515 3409 521 3448 :
547 3413 562 3446 u
589 3394 697 3449 Etenim
719 3396 857 3462 Ecclesia,
883 3397 992 3452 tametsi
1019 3413 1068 3468 per
1093 3398 1253 3454 universum

112 3484 209 3539 orbem
226 3482 364 3554 usquead
383 3491 521 3539 extremos
541 3492 622 3539 terrae
638 3484 707 3541 lines
727 3485 863 3558 dispersa,
883 3486 966 3542 tidem
984 3503 1044 3543 eam
1063 3489 1097 3544 ab
1114 3488 1253 3560 Apostolis

112 3588 264 3644 eorumque
287 3573 432 3645 discipulis
457 3583 611 3646 acceptam,
637 3591 698 3646 quae
722 3585 765 3631 est
787 3576 816 3631 in
836 3592 922 3632 unum
940 3576 1026 3632 Deum
1030 3617 1081 3633 .....
1103 3578 1254 3650 (sequitur

112 3666 176 3736 fidei
193 3664 343 3733 symbolum
351 3664 363 3736 )
385 3672 537 3734 acceptam,
560 3665 686 3738 inquam,
706 3667 777 3722 hanc
800 3668 1021 3740 praedicationem
1042 3685 1074 3724 ae
1095 3668 1191 3735 tidem,
1212 3672 1253 3726 uti

112 3766 176 3812 aute
198 3755 332 3820 diximus,
351 3755 488 3819 Ecclesia,
512 3757 620 3812 tametsi
640 3774 689 3829 per
709 3768 798 3816 totum
821 3761 916 3815 orbem
936 3774 1046 3830 sparsa,
1067 3774 1175 3814 summo
1192 3769 1253 3815 stu-

112 3846 158 3903 dio
177 3855 206 3902 et
224 3861 303 3911 cura,
327 3845 441 3916 perinde
457 3855 539 3916 atque
561 3863 644 3902 unam
662 3849 775 3904 domum
792 3850 934 3917 incolens,
948 3860 1106 3919 conservat,
1124 3866 1156 3905 ac
1176 3851 1253 3907 velut

113 3937 233 3992 animam
252 3950 352 4002 unam,
374 3945 457 4006 atque
475 3951 560 3990 uuum
580 3935 707 4009 idemque
733 3955 780 3995 eor
805 3941 924 4006 hahens,
945 3940 990 3996 his
1009 3956 1086 4011 aeque
1105 3939 1186 3996 fidem
1206 3956 1251 3996 ac-

145 4108 187 4173 (l)
205 4111 268 4158 nist.
282 4107 348 4156 Eccl.
360 4104 406 4155 lib.
420 4106 455 4166 V,
469 4122 489 4156 c.
503 4111 544 4158 20.

146 4190 189 4256 (a)
206 4189 308 4241 Titulus
323 4204 399 4256 quem
416 4188 457 4238 isti
475 4190 545 4258 operi
562 4192 588 4240 S.
607 4192 716 4243 lrenunus
729 4195 871 4261 praefixerat
885 4193 926 4244 hie
939 4200 993 4244 cst:
1011 4193 1110 4259 ἐλεγχος
1123 4207 1165 4240 και
1187 4189 1252 4239 ἀνα-

113 4289 191 4339 rpopn
209 4290 251 4330 της
271 4263 427 4335 ψευδωνυμου
438 4289 562 4337 procrea.
