3150 5160
304 354 341 395 DE
362 352 502 396 ECCLESlh
524 353 628 395 subice
650 350 949 394 codrhotuasmhtttl.
1137 335 1196 395 195

71 509 234 572 nterpretcm
261 515 337 564 esse,
366 499 415 556 sed
437 499 630 554 auctoritatem
656 505 797 554 externam
820 511 855 561 ac
882 496 989 551 lirmam
1015 498 1199 551 necessariam

62 606 119 646 csse
136 604 197 663 quae
216 589 374 662 Scripturas
392 598 468 647 certo
487 589 686 660 interpretetur
705 586 965 657 controversiasque
982 585 1068 641 liniat.

94 679 137 735 Sic
155 679 353 746 Bellarminus,
368 679 417 750 qui
433 678 468 734 dc
481 679 614 751 religione
633 687 661 734 et
673 676 830 748 disciplinis
843 677 1007 751 theologicis
1023 677 1127 748 optime
1141 692 1199 731 me-

62 769 128 825 ritus
147 777 203 836 est,
221 769 260 825 ait
278 785 294 825 a
313 768 466 840 quaestione
483 769 518 824 de
537 768 630 839 judice
649 767 900 824 controversiarum
919 782 1029 823 omnem
1050 783 1121 838 pene
1143 767 1201 822 dis-

62 858 229 929 putationem
248 859 376 930 pendere.
398 859 429 914 ln
447 859 521 914 hunc
544 858 656 914 modum
678 858 801 929 loquitur
823 858 865 911 vir
881 857 1081 913 doctissimus:
1098 876 1112 909 o
1131 857 1200 913 Cum

61 947 230 1021 Scripturam
252 950 398 1005 obscuram
422 964 484 1005 esse
512 958 540 1004 et
562 948 714 1020 interprete
739 948 864 1021 indigere
884 947 940 1018 jam
961 948 1130 1015 constiterit,
1157 965 1201 1005 se-

62 1039 153 1110 qnitur
170 1039 223 1093 alia
237 1039 375 1109 quaestio:
395 1054 462 1094 num
482 1038 632 1110 Scripturae
651 1038 842 1109 interpretatio
859 1037 893 1092 ab
911 1053 968 1093 nno
986 1037 1078 1108 aliquo
1097 1037 1202 1093 visibili

61 1139 87 1184 et
99 1128 240 1184 communi
256 1129 350 1199 judice
368 1130 487 1202 petenda
504 1129 556 1197 sit,
576 1145 612 1184 an
626 1130 710 1186 unius
725 1129 861 1199 cujusque
876 1127 991 1184 arbitrio
1004 1126 1202 1200 relinquenda?

61 1218 124 1287 Qnae
136 1235 203 1275 sane
221 1219 385 1292 gravissima
403 1219 520 1291 quaestio
535 1228 592 1286 est,
606 1229 679 1276 etex
694 1235 726 1274 ca
743 1219 822 1290 qnasi
841 1217 999 1289 dependent
1019 1233 1115 1275 omnes
1137 1234 1204 1275 con-

61 1309 201 1366 troversiae
215 1307 272 1382 (l).
288 1328 303 1361 n

96 1399 220 1455 Proiecto
233 1398 396 1472 gravissima
417 1411 459 1457 est
477 1417 509 1456 ea
528 1401 657 1472 quaestio,
673 1408 757 1470 atquc
775 1415 808 1454 ex
825 1400 878 1454 hac
890 1415 945 1454 una
958 1415 1073 1471 prorsus
1086 1400 1203 1456 convelli

61 1500 150 1562 potest
167 1491 422 1562 protestantismus.
442 1492 479 1546 Ea
501 1500 592 1546 tamen
614 1490 702 1563 prima
723 1505 778 1546 non
797 1497 856 1556 est;
873 1499 902 1545 et
919 1489 966 1544 ubi
986 1491 1141 1547 methodica
1158 1506 1204 1546 ca-

62 1580 210 1638 tholicismi
237 1581 374 1653 expositio
395 1597 427 1637 ac
450 1580 671 1652 protestantismi
690 1579 839 1636 confutatio
860 1579 1061 1648 instituuntur,
1085 1582 1205 1652 plurima

61 1681 123 1726 ante
142 1671 288 1726 statuenda
309 1671 439 1737 veniunt,
462 1687 523 1741 quae
542 1670 566 1726 si
584 1678 647 1742 apte
666 1669 770 1726 fuerint
789 1670 927 1742 praestita,
946 1671 1072 1726 absoluta
1091 1673 1145 1727 erit
1162 1687 1206 1728 ca-

62 1761 162 1816 tholica
180 1761 395 1826 demonstratio,
417 1761 578 1832 priusquam
597 1761 641 1817 vel
662 1760 696 1816 de
711 1760 804 1831 judice
823 1762 1073 1817 controversiarum
1091 1763 1128 1817 sit
1147 1763 1205 1818 dis·

61 1861 197 1922 putatum.
222 1851 300 1919 Quod
326 1860 357 1906 ut
381 1851 565 1925 intelligatur,
590 1851 658 1906 satis
680 1851 734 1906 erit
757 1850 785 1905 in
808 1851 969 1906 memoriam
991 1867 1121 1907 revocare
1143 1869 1206 1923 quae

61 1942 244 1999 disseruimus
270 1952 328 1997 tum
354 1942 383 1997 in
404 1941 608 2014 comprobanda
630 1951 770 2012 tamquam
792 1940 862 1997 laeto
879 1940 1041 1997 auctoritate
1060 1957 1075 1995 a
1095 1940 1206 1997 Christo

61 2033 185 2099 condita,
201 2041 259 2089 tum
275 2034 302 2087 in
322 2032 448 2103 ejusdcm
467 2033 531 2089 iacti
552 2033 659 2088 ratione
676 2032 825 2088 reddenda.

97 2125 132 2179 Et
148 2139 213 2180 vero
232 2132 382 2194 antequam
399 2124 434 2179 dc
452 2123 658 2195 Scripturarum
677 2121 907 2193 interpretatione
925 2137 1017 2177 sermo
1036 2123 1089 2189 sit,
1108 2123 1206 2178 viden-

61 2216 126 2270 dum
146 2223 190 2270 est
207 2213 282 2269 unde
302 2214 359 2269 sint
372 2210 538 2285 Scripturae‘l
551 2211 735 2281 Quaerendum
752 2228 834 2283 aquo
849 2220 1033 2283 protestantes
1050 2211 1207 2284 Scripturas

62 2306 382 2378 acceperint,quomodo
392 2321 438 2360 eas
449 2303 857 2375 noverint,ostendendnmque
866 2319 920 2358 non
931 2304 1146 2374 protestantium
1157 2306 1206 2361 sed

63 2412 159 2451 eorum
173 2403 279 2450 tantum
293 2395 382 2466 quiin
396 2394 499 2450 Christi
513 2393 634 2450 Ecclesia
652 2409 685 2449 ac
700 2395 833 2450 societate
845 2402 994 2465 versantur
1012 2409 1074 2450 esse
1087 2393 1208 2466 Scriptu-

63 2502 118 2542 ras.
139 2486 234 2557 Neque
254 2485 278 2541 is
298 2494 341 2542 est
359 2485 467 2558 primus
483 2500 517 2541 ac
534 2485 689 2557 praecipuus
707 2484 837 2541 Ecclesiae
853 2484 932 2549 linis,
954 2492 986 2539 ut
1004 2484 1208 2540 controversias

28 2564 32 2573 ’
63 2577 190 2642 dirimat,
201 2577 251 2632 sed
264 2577 326 2632 idco
336 2577 365 2632 in
376 2577 475 2649 primis
489 2575 625 2631 nChristo
639 2575 767 2629 instituta
780 2584 823 2629 est
835 2589 867 2629 ac
878 2575 1033 2629 necessaria
1047 2576 1208 2646 comproba-

63 2678 121 2733 tur,
136 2667 209 2736 quod
229 2681 259 2719 ea
273 2665 419 2720 deficiente
436 2666 587 2721 christiana
605 2665 737 2720 revelatio
757 2682 825 2735 pura
844 2681 877 2720 ac
899 2665 1004 2738 integra
1025 2676 1133 2722 servata
1154 2683 1208 2723 non

64 2758 181 2821 luisset,
200 2755 271 2826 quod
292 2771 362 2827 opus
379 2771 395 2809 a
411 2754 527 2811 Domino
544 2755 686 2826 inceptum
701 2754 796 2826 perlici
814 2771 846 2811 ac
864 2757 967 2812 absolvi
985 2774 1039 2813 non
1053 2760 1207 2830 potuisset,

63 2847 137 2920 quod
158 2845 285 2902 homines
307 2861 363 2901 non
381 2854 446 2916 apte
463 2852 491 2900 et
508 2845 634 2900 ordinate
651 2860 703 2901 nec
722 2845 791 2900 citra
811 2846 899 2901 ullum
920 2848 1031 2904 errandi
1053 2850 1208 2920 pericnlum

64 2938 168 2996 Christi
194 2938 305 2993 decreta
331 2935 449 2992 luissent
474 2935 563 2992 edocti
592 2953 597 2989 :
626 2936 713 3007 liquet
737 2951 800 3010 ergo
830 2938 1031 2993 controversias
1060 2938 1208 2995 dirimendi

64 3045 168 3085 munus
190 3043 363 3099 nequaquam
382 3026 560 3098 primarium,
585 3027 634 3082 sed
656 3037 795 3097 tamquam
821 3027 1003 3083 adventitium
1027 3029 1106 3099 quid,
1128 3030 1152 3086 si
1175 3033 1209 3085 ad

65 3121 170 3191 reliqua
193 3118 285 3174 munia
298 3117 469 3181 conferatur,
493 3117 623 3174 Ecclesiae
645 3120 745 3174 inesse.

104 3211 218 3276 Verum,
234 3220 263 3265 ut
282 3210 341 3264 hmo
358 3217 433 3264 recta
449 3224 482 3262 ac
501 3208 579 3264 tirma
593 3210 665 3274 sint,
681 3210 832 3265 notandum
847 3218 938 3265 tamen
952 3220 994 3265 est
1008 3211 1035 3264 in
1051 3219 1209 3267 controver·

65 3302 115 3357 siis
136 3300 266 3356 finiendis
287 3300 405 3355 maxime
424 3299 534 3354 elucere
551 3300 725 3356 auctoritatis
748 3302 892 3372 cujusdam
915 3302 1036 3358 immotae
1058 3304 1210 3358 necessita-

65 3401 121 3448 tem
132 3408 139 3457 ;
152 3399 180 3446 et
193 3391 296 3447 ideirco
312 3391 382 3446 nihil
401 3391 502 3446 mirum
523 3397 566 3445 est
586 3391 666 3446 initio
685 3391 712 3444 in
727 3391 779 3446 hac
792 3391 924 3447 solvenda
937 3392 1090 3462 quaestione
1103 3393 1210 3449 theolo-

64 3499 113 3557 gos
131 3491 241 3539 nostros
260 3483 345 3538 veluti
366 3482 451 3538 totius
468 3480 666 3552 disputationis
683 3481 823 3536 cardinem
846 3481 983 3553 posuisse.
1004 3481 1118 3538 Accedit
1136 3486 1209 3554 quod

65 3585 132 3631 tunc
149 3574 284 3646 temporis
295 3572 343 3629 vir
363 3582 410 3627 aut
423 3588 458 3628 ne
470 3571 517 3628 vix
533 3571 645 3643 quidem
658 3572 770 3643 assequi
784 3572 942 3643 potuissent
955 3572 1089 3643 quidquid
1109 3573 1208 3630 absur-

64 3665 160 3721 ditatis
177 3673 204 3720 et
214 3664 290 3720 exitii
310 3663 339 3719 in
354 3662 573 3735 protestantismi
593 3661 731 3734 principio
751 3660 944 3728 delitesceret;
961 3662 1156 3732 nequeenim,
1178 3677 1209 3721 ut

64 3766 129 3812 ante
147 3757 282 3821 vidimus,
297 3754 325 3810 id
339 3752 528 3825 percipiebant
545 3753 709 3823 plerumque
723 3751 777 3824 ipsi
790 3759 975 3823 protestantes
989 3750 1125 3825 theologi3
1140 3753 1210 3811 illud

66 3846 198 3918 paulatim
226 3844 311 3901 variis
336 3840 573 3899 intercedentibus
596 3839 848 3914 disceptationibus
867 3842 897 3897 in
918 3841 1093 3913 perspicuam
1119 3845 1210 3902 lucem

65 3935 184 4008 prodiit,
206 3945 235 3991 et
256 3943 330 3989 certe
346 3935 396 3989 hac
418 3941 512 3988 nostra
535 3939 616 3987 aetate
635 3933 678 3988 vel
698 3947 732 3988 ex
750 3933 807 3988 sola
828 3932 909 3988 istius
930 3932 1058 4005 principii
1078 3934 1209 3992 historica

64 4025 221 4080 evolutione
239 4039 285 4080 res
302 4032 379 4080 entra
397 4021 512 4078 dubium
535 4029 669 4077 versatur.

13 4221 15 4224 ·
96 4197 138 4261 (l)
157 4201 190 4246 Dc
202 4200 376 4248 controversiis
389 4197 531 4246 christianae
540 4197 599 4262 fidei
612 4197 732 4246 adversas
744 4195 818 4258 trojus
829 4200 946 4259 ternport's
959 4199 1098 4253 ltoerctieoe,
1113 4203 1173 4246 tom.
1188 4200 1210 4259 l,

63 4279 108 4328 lib.
124 4278 168 4339 lll,
184 4295 204 4327 e.
218 4285 241 4328 3.

1025 4389 1063 4445 95
