3150 5160
339 335 399 393 ltt
669 345 895 390 narunnmsnns
915 346 951 388 nr
973 344 1149 390 nrrntsnns.

336 495 479 565 theologos
497 491 666 565 principium
689 508 704 546 a
718 490 842 546 Semlero
863 490 1010 562 perspicue
1024 490 1221 557 constitutum,
1241 498 1273 545 nt
1288 488 1375 546 libros
1389 503 1484 546 saeros

336 586 411 643 serio
432 600 465 639 ae
486 599 536 654 per
557 597 654 638 omnes
686 589 779 652 partes
800 579 888 637 veluti
910 589 1090 636 monumenta
1118 580 1231 653 prolana
1257 579 1482 646 considerarent,

335 689 454 746 quornm
472 679 666 745 argumentum
684 670 718 726 ad
738 672 854 727 rationis
878 687 1003 728 normam
1024 687 1058 728 ex
1075 681 1134 728 toto
1161 670 1316 743 expendere
1334 679 1481 742 oporteat:

335 764 467 836 quoniam
487 771 580 817 antem
606 762 668 817 novi
692 762 861 817 Testamenti
884 762 988 833 scripta
1010 762 1090 817 firma
1114 778 1147 818 ac
1170 763 1330 818 authentica
1352 770 1482 826 censent,

336 854 485 926 ipsumque
503 852 645 908 Christum
664 860 692 907 et
711 852 873 925 religionem
895 854 930 908 ab
949 868 982 908 en
1006 852 1145 908 conditam
1170 860 1350 917 venerantur,
1371 864 1483 906 summo

336 945 429 1001 studio
442 943 609 1000 contendere
622 943 725 998 debent
736 942 770 997 ad
784 942 888 998 limites
901 952 1052 999 eventuum
1064 943 1266 999 ordinariorum
1282 959 1315 998 ac
1334 949 1482 998 consueto-

336 1053 399 1092 rum
416 1051 545 1092 revueare
564 1050 596 1089 ea
615 1035 706 1090 omnia
725 1049 787 1105 quae
813 1034 841 1088 in
855 1034 971 1090 historia
991 1034 1101 1091 Domini
1123 1033 1259 1105 stupenda
1277 1049 1310 1090 ac
1323 1040 1482 1105 portentosa

336 1135 495 1182 occurrunt.

374 1215 507 1271 Nostrum
521 1228 576 1269 non
596 1221 639 1268 est
656 1213 834 1269 Naturalismi
855 1223 1010 1270 commenta
1029 1213 1189 1286 explodere;
1207 1213 1370 1270 historicum
1389 1213 1481 1278 enim,

336 1320 391 1360 nou
411 1305 538 1360 criticum
556 1303 673 1376 agimus.
692 1303 810 1359 Videant
826 1311 919 1358 autem
941 1312 1127 1374 protestantes
1146 1320 1197 1370 an,
1212 1304 1236 1359 si
1250 1304 1303 1359 sibi
1320 1304 1402 1375 plane
1414 1318 1481 1358 con-

337 1404 411 1450 stare
435 1394 533 1458 velint,
557 1394 650 1449 dicere
678 1394 786 1465 possint
815 1394 931 1449 Paulum
951 1409 967 1448 a
993 1394 1319 1465 pseudo-reformationis
1344 1393 1481 1466 principio

335 1486 479 1552 aberrare,
497 1484 549 1539 etsi
563 1484 632 1539 alias
647 1485 676 1539 in
691 1485 725 1540 iis
738 1484 858 1540 decretis
875 1484 1037 1541 evolvendis
1049 1495 1132 1556 atque
1144 1484 1316 1557 applicandis
1328 1500 1392 1539 cum
1406 1497 1481 1538 sanat

336 1575 460 1632 scientiae
477 1575 620 1646 praeceptis
637 1590 734 1647 reapse
753 1586 857 1647 pugnet
872 1591 878 1629 :
893 1575 968 1646 quod
988 1575 1034 1630 hie
1054 1575 1196 1646 inquirere
1215 1591 1271 1631 non
1291 1583 1335 1631 est
1354 1588 1478 1630 necesse.

335 1664 390 1720 Pro
412 1664 539 1720 instituto
562 1673 657 1720 nostro
682 1665 751 1721 satis
771 1665 842 1722 ioret
867 1674 990 1738 systema
1010 1664 1079 1722 illud
1099 1667 1261 1737 exposuisse
1280 1665 1398 1736 ejusque
1415 1679 1480 1719 cum

336 1754 556 1827 protestantismi
570 1754 699 1811 methodo
717 1770 819 1810 nexum
835 1754 983 1811 indicasse.
1000 1754 1197 1810 Verumtamen
1213 1771 1299 1826 quum
1318 1753 1397 1811 Pauli
1413 1753 1480 1810 doc-

335 1847 409 1903 trina
429 1861 445 1900 a
465 1845 593 1917 pluribus
610 1845 745 1919 theologis
767 1844 863 1901 itidem
886 1844 1068 1902 rationalistis
1082 1846 1129 1916 qui
1147 1845 1294 1918 llpthismo
1312 1845 1386 1901 viam
1409 1853 1480 1899 stra·

334 1946 436 1992 verunt
462 1936 547 1992 fuerit
569 1946 738 2008 oppugnata,
756 1937 880 2008 qnaedam
900 1951 933 1990 ea
951 1935 996 1990 his
1020 1935 1169 1992 afferemus
1190 1945 1353 2011 argumenta
1378 1935 1480 2006 quibus

334 2024 504 2082 convellatur
526 2023 748 2091 Naturalismus;
771 2024 845 2095 quod
872 2034 901 2080 et
919 2025 1000 2081 nobis
1021 2026 1094 2081 viam
1118 2026 1227 2099 parabit
1249 2027 1284 2082 ad
1312 2041 1343 2082 ea
1364 2042 1428 2097 quae
1446 2024 1481 2080 de

335 2115 483 2189 Mythismo
497 2131 595 2171 sumus
607 2114 719 2170 dicturi.

372 2206 403 2261 ln
423 2221 455 2262 eo
476 2206 597 2278 positum
615 2216 674 2272 est,
694 2215 724 2260 ut
741 2205 877 2269 vidimus,
891 2207 1071 2264 Naturalismi
1092 2206 1304 2263 fundamentum
1326 2214 1357 2260 ut
1375 2212 1481 2260 statuat

336 2295 366 2351 in
380 2295 588 2351 narrationibus
601 2296 860 2366 supernaturalismi
874 2296 990 2353 sormam
1003 2297 1190 2354 referentibus
1203 2295 1406 2352 secernendum
1418 2309 1483 2350 esse

336 2385 439 2442 laetum
458 2385 623 2441 historicum
638 2386 672 2440 ab
688 2386 828 2456 adjunctis
844 2402 905 2456 quae
923 2389 1015 2460 ipsum
1035 2388 1220 2452 comitantur,
1242 2401 1359 2458 quaeque
1378 2401 1394 2440 a
1415 2385 1483 2459 legi-

335 2475 389 2532 bus
415 2484 521 2531 naturae
542 2475 683 2530 consuetis
704 2475 847 2531 dissident.
871 2475 907 2531 dt
931 2493 1014 2547 quam
1038 2476 1210 2532 imbecillum
1230 2476 1268 2530 sit
1285 2474 1361 2530 istud
1383 2473 1482 2530 lunda·

335 2575 478 2632 mentum,
506 2582 643 2637 quamque
675 2581 744 2621 vana
778 2575 807 2622 ct
832 2566 977 2623 arbitraria
1009 2568 1151 2624 distinctio
1177 2567 1255 2622 brevi
1281 2574 1485 2638 perspexerunt

335 2659 417 2713 multi
435 2657 554 2731 theologi
566 2674 573 2724 ;
587 2667 670 2728 atque
686 2658 763 2714 nullo
785 2658 928 2714 molimine
946 2661 1128 2716 ostenderunt
1144 2658 1379 2725 Naturalismnm,
1395 2657 1421 2714 si
1438 2671 1484 2713 co·

335 2749 429 2805 minus
456 2746 637 2819 inspiciatur,
669 2748 747 2802 nulla
777 2748 884 2803 ratione
909 2750 1063 2807 consistere
1095 2765 1187 2821 posse.
1218 2749 1313 2819 ltaque
1343 2747 1396 2802 hac
1426 2761 1484 2802 una

333 2839 573 2896 animadversione
591 2846 687 2894 censet
699 2838 739 2893 De
756 2838 848 2894 Wette
862 2839 936 2896 istud
951 2850 1072 2914 systema
1089 2839 1214 2896 funditus
1228 2839 1314 2896 everti
1330 2855 1337 2894 :
1356 2838 1483 2909 cujusvis

334 2930 458 2986 historiae
477 2929 538 2987 lons
555 2940 598 2987 est
614 2931 675 3002 ipsa
693 2931 814 2987 narratio
840 2947 893 3003 qua
912 2946 944 2986 ca
963 2931 1045 2985 nobis
1064 2929 1228 2993 innotescit,
1249 2943 1301 2983 nee
1319 2927 1393 2983 ultra
1417 2942 1483 2999 pro-

333 3019 411 3092 gredi
435 3021 513 3086 licet;
533 3021 667 3092 quidquid
692 3021 766 3077 enim
784 3022 810 3076 ei
832 3020 984 3077 narrationi
1002 3020 1182 3091 adjiceretur,
1206 3019 1234 3075 id
1257 3029 1335 3074 extra
1354 3019 1481 3075 historiae

333 3109 438 3164 limites
456 3119 602 3182 vagaretur
615 3111 741 3182 nihilque
754 3111 929 3167 auctoritatis
942 3126 999 3182 prac
1019 3125 1049 3165 se
1066 3107 1159 3165 ierret.

371 3192 423 3247 llic
441 3201 535 3247 autem
560 3193 683 3247 narratio
708 3202 827 3249 testatur
844 3193 1049 3264 supernaturali
1068 3193 1150 3247 modo
1167 3207 1212 3246 res
1233 3190 1318 3247 inisse
1340 3197 1481 3262 peractas,

334 3282 407 3352 quod
426 3281 538 3354 quidem
557 3281 597 3339 las
618 3292 661 3338 est
679 3291 727 3338 aut
745 3282 858 3338 credere
879 3292 927 3339 aut
945 3298 1055 3357 negare.
1069 3281 1147 3350 Quod
1168 3281 1192 3337 si
1209 3280 1327 3336 inficiari
1342 3279 1482 3346 volueris,

332 3371 491 3428 confitearis
505 3381 612 3442 oportet
626 3373 738 3443 penitus
751 3382 779 3428 te
794 3373 879 3429 latere
892 3373 1026 3446 quidquid
1040 3373 1074 3428 ad
1087 3388 1133 3428 res
1147 3372 1214 3427 istas
1230 3379 1350 3442 spectat,
1363 3385 1416 3426 nec
1428 3369 1481 3425 tibi

333 3462 399 3518 licet
411 3479 461 3534 pro
473 3462 556 3518 libitu
569 3463 673 3536 tingere
686 3479 733 3520 eas
745 3480 843 3536 reapse
862 3465 1009 3529 accidisse,
1023 3464 1072 3519 sed
1085 3462 1166 3519 modo
1180 3462 1300 3517 naturali
1314 3478 1321 3518 :
1335 3478 1390 3534 quo
1403 3461 1481 3519 enim

330 3552 394 3623 jure
419 3551 445 3607 id
465 3553 566 3608 statuis
586 3553 621 3609 dc
645 3570 698 3625 quo
711 3571 745 3610 ne
761 3572 848 3611 unum
863 3556 975 3627 quidem
987 3554 1103 3612 verbum
1123 3553 1153 3609 in
1168 3553 1326 3609 narratione
1340 3550 1482 3609 occurrit?

333 3640 409 3696 Libri
428 3642 500 3698 sacri
523 3641 592 3698 lacta
625 3654 785 3715 portentosa
811 3660 842 3700 ac
868 3644 1090 3716 supernaturalia
1111 3641 1249 3707 referunt,
1269 3651 1297 3697 et
1318 3641 1422 3697 idcirco
1445 3657 1481 3698 ca

332 3733 492 3805 accipienda
510 3743 576 3788 sunt
596 3745 680 3806 prout
699 3743 849 3790 narrantur
866 3735 911 3791 vel
924 3734 1037 3790 omnino
1049 3730 1207 3803 rejicienda.

370 3822 437 3892 Ejus
455 3826 702 3896 argumentationis
722 3827 894 3882 illustrandae
907 3825 1005 3899 gratia,
1022 3824 1052 3880 in
1068 3824 1191 3880 medium
1208 3822 1321 3879 adducit
1333 3824 1372 3878 lle
1386 3823 1482 3880 Wette

334 3912 490 3984 exemplum
508 3931 521 3969 a
538 3914 642 3972 ioedere
662 3916 735 3988 quod
758 3917 831 3972 Deus
856 3932 918 3971 curn
937 3915 1093 3970 Abrahamo
1116 3913 1221 3985 pepigit
1238 3913 1365 3984 petitum.
1382 3911 1482 3968 Tradit

333 4002 474 4074 Scriptura
490 4005 577 4061 llenm
597 4023 661 4062 cnm
680 4008 734 4063 isto
750 4007 906 4078 patriarcha
926 4016 1036 4078 pactum
1057 4019 1152 4060 revera
1173 4004 1288 4061 iniisse:
1306 4002 1481 4060 naturalistae

334 4106 397 4147 eum
410 4093 540 4149 omnibus
560 4095 741 4151 rationalistis
758 4096 838 4151 aiunt
857 4105 968 4167 pactum
981 4093 1065 4159 illud,
1079 4094 1309 4165 quemadmodum
1330 4103 1477 4158 narratur,

333 4180 462 4237 fictitium
485 4199 562 4249 esse,
585 4186 688 4257 quippe
707 4185 780 4258 qnod
804 4194 881 4242 extra
900 4196 1006 4243 naturae
1027 4186 1102 4259 leges
1122 4186 1207 4241 sitnm
1229 4185 1282 4252 sit;
1305 4195 1398 4240 tamen
1421 4200 1480 4240 non

333 4272 425 4329 omnia
445 4274 474 4331 in
492 4273 543 4330 hae
561 4275 719 4332 narratione
738 4275 834 4332 lictitia
853 4291 917 4334 esse
935 4277 1183 4344 existimant,rem
1203 4274 1365 4334 servandam
1379 4276 1479 4331 decer-
