3166 5168
670 371 901 416 rnnruumanus.
1315 362 1355 420 ta

218 531 273 571 non
289 525 369 578 stant,
382 518 449 585 quio
463 533 524 571 eum
538 518 607 582 siut,
620 533 676 571 nom
687 523 803 586 parent,-
816 518 933 573 schisma
948 524 986 571 est
1005 519 1098 571 unitae
1111 520 1189 588 ipsis.
1204 519 1322 576 Mentior
1333 522 1358 576 si

218 623 275 662 non
294 607 377 662 etiam
396 622 411 661 a
431 608 535 680 regulis
553 608 613 663 suis
632 608 739 662 variant
759 607 832 662 inter
844 623 888 672 se,
902 608 967 661 dum
984 610 1171 677 uuusquisque
1182 612 1298 678 proinde
1309 628 1358 665 suo

216 697 336 753 arbitrio
347 699 507 753 modulatur
520 713 579 767 quo
591 699 705 768 occepit,
720 698 945 768 quemadmodum
957 698 989 751 de
1005 714 1055 751 auo
1069 697 1186 753 arbitrio
1208 716 1240 754 eo
1251 716 1358 770 omnpo·

217 787 276 841 ruit
294 788 340 841 itu
360 790 409 858 qui
429 788 554 842 trodtdu.
578 788 709 861 Agnoscit
728 797 855 843 naturam
876 802 969 851 suam,
990 796 1018 842 et
1040 786 1156 860 originis
1176 804 1233 844 suae
1253 806 1358 846 morem

217 875 357 948 proiectus
371 877 421 931 rei.
433 877 508 932 ldcm
526 878 605 932 licuit
618 877 817 934 Valentinianis
835 877 906 948 quod
921 877 1080 940 Valentino,
1096 879 1170 933 idem
1189 880 1358 936 Marcionitis

216 968 290 1038 quod
304 968 433 1024 Marcioni
448 967 538 1041 (idem
552 969 717 1023 Lutheranis
727 977 755 1023 et
767 967 935 1024 calvinianis
949 968 1022 1039 quod
1036 968 1157 1024 Luthero
1171 977 1199 1024 et
1214 967 1357 1041 Calvino),

216 1056 252 1111 de
265 1057 380 1112 arbitrio
397 1074 447 1113 suo
458 1058 538 1113 iidem
551 1057 699 1130 innovare(
710 1057 774 1131 1).»
785 1090 821 1098 -
835 1056 880 1113 Sic
897 1074 979 1129 porro
997 1059 1107 1114 tandem
1127 1060 1278 1116 orationem
1292 1076 1357 1116 con-

216 1146 306 1202 cludit
326 1163 333 1201 :
349 1166 363 1199 n
378 1147 432 1203 Sed
449 1163 524 1202 nunc
536 1148 647 1218 quidem
659 1148 824 1220 generaliter
837 1156 928 1203 actum
943 1157 1012 1204 esta
1027 1149 1107 1204 nobis
1121 1151 1254 1207 adversus
1269 1152 1357 1208 haere-

216 1251 265 1291 ses
288 1252 399 1303 omnes,
418 1237 516 1304 certis,
532 1249 559 1292 et
571 1238 669 1309 justis,
686 1248 713 1294 et
730 1239 895 1294 necessariis
910 1239 1165 1311 praescriptionibus
1183 1241 1357 1311 repellendas

214 1340 232 1378 a
246 1327 400 1383 conlatione
423 1327 627 1399 Scripturarnm
644 1327 700 1402 (T).
717 1347 731 1381 u

258 1416 292 1472 Et
304 1431 370 1473 vero
389 1417 468 1472 nohis
481 1433 590 1488 quoque
607 1418 663 1489 jam
685 1418 838 1474 consistere
854 1418 1021 1489 liceat;quoe
1033 1420 1107 1476 eninr
1121 1421 1266 1478 attulimus
1288 1425 1356 1480 satis

215 1505 340 1576 prolecto
359 1521 498 1578 superque
517 1507 657 1564 sulliciunt
679 1517 710 1564 ut
733 1509 808 1564 nullo
833 1509 975 1564 molimine
997 1512 1189 1582 unusquisque
1208 1513 1357 1588 intelligat,

216 1595 338 1664 primum
360 1597 472 1668 quidem
491 1607 625 1669 quantum
644 1613 659 1652 a
678 1599 890 1670 protestantium
908 1598 1038 1655 methodo
1056 1601 1242 1658 Tertullianus
1257 1603 1357 1659 abhor-

219 1695 295 1751 reat,
317 1685 417 1741 deinde
439 1686 523 1741 etiam
545 1687 801 1759 quamplurimum
823 1688 986 1745 incrementi
1009 1705 1043 1745 ex
1065 1690 1126 1761 ejus
1148 1691 1294 1763 principiis
1317 1695 1357 1749 rei

216 1776 379 1849 theologicae
394 1776 533 1832 accedere.

776 1925 834 1998 aa.

615 2144 733 2184 cunutus
755 2147 960 2189 ntnxtttntttn‘tJS.

256 2367 391 2438 Quoniam
404 2367 505 2439 sepius
519 2368 668 2439 praedicare
678 2386 734 2426 non
748 2370 910 2427 dubitarunt
923 2381 1122 2444 protestantes,
1137 2372 1306 2429 Clementem
1327 2374 1355 2428 in

218 2457 378 2530 exponenda
398 2458 526 2514 methodo
545 2459 697 2515 christiana
716 2460 750 2515 ab
764 2477 812 2526 ea,
831 2477 914 2533 quam
934 2472 1059 2530 tuemur,
1080 2464 1218 2519 sententia
1241 2481 1357 2536 prorsus

219 2549 373 2614 dissidere,
392 2549 453 2605 ideo
471 2548 506 2604 de
524 2549 608 2620 hujus
626 2551 717 2607 Patris
733 2552 878 2624 principiis
899 2554 1036 2626 agendum
1060 2554 1147 2609 satius
1168 2553 1313 2620 duximus,
1327 2564 1358 2608 ut

218 2640 329 2696 uideant
347 2639 497 2695 adversarii
510 2655 561 2695 nos
573 2640 690 2696 tidenter
704 2657 736 2696 ac
749 2642 897 2713 perlibenti
917 2643 1010 2698 animo
1030 2644 1164 2714 cujusque
1183 2643 1274 2699 Patris
1291 2644 1357 2699 doc-

218 2731 322 2784 trinam
338 2728 473 2801 pandere‚
490 2745 664 2799 nequaquam
682 2732 784 2787 veritos
798 2749 832 2787 ne
848 2733 986 2804 quispiam
1000 2749 1034 2788 ex
1049 2734 1119 2804 ipsis
1138 2733 1219 2789 nobis
1233 2749 1355 2803 unquam

220 2819 397 2884 adversatum
414 2817 539 2887 ejusdem
558 2819 632 2872 enirn
651 2819 747 2889 stirpis
766 2835 798 2875 ac
817 2820 926 2876 lamiliae
949 2837 1046 2877 sumus
1069 2838 1177 2883 omnes.
1194 2831 1287 2893 patres
1302 2822 1357 2889 illi,

220 2925 271 2965 nos
284 2908 343 2963 lilii.
354 2909 519 2979 Priusquam
531 2923 597 2963 vero
609 2907 760 2964 Clementis
770 2924 853 2981 opera
866 2910 1060 2982 inspiciamus,
1075 2913 1207 2987 nonnulla
1220 2912 1357 2969 monenda

220 2998 319 3053 haheo.
543 3062 549 3071 ,
1308 3021 1318 3052 t

256 3088 379 3143 Primum
400 3086 526 3157 quidem,
545 3080 652 3155 fateor,
672 3087 857 3144 institutionis
881 3098 963 3161 atque
985 3092 1157 3149 auctoritatis
1180 3094 1357 3163 methodum,

218 3193 251 3234 eo
268 3177 348 3233 modo
362 3192 417 3248 quo
431 3175 458 3231 S.
478 3176 618 3250 ignatius,
632 3177 752 3234 irenaeus
771 3187 798 3234 et
812 3179 999 3237 Tertullianus
1017 3181 1153 3249 lecerunt,
1180 3185 1358 3257 explicatam,

219 3269 391 3324 enucleatam
408 3276 435 3323 et
448 3270 568 3324 consulto
588 3268 741 3340 expositam
758 3280 805 3324 aut
828 3270 911 3324 etiarn
935 3283 1148 3345 propugnatam,
1167 3273 1269 3330 frustra
1287 3276 1360 3347 apud

219 3358 388 3415 Clementem
401 3358 560 3429 quaesieris;
575 3358 599 3414 is
613 3359 687 3414 enirn
707 3374 843 3430 nusquam
860 3359 950 3416 dedita
964 3377 1046 3431 opera
1059 3362 1241 3432 quaestionem
1254 3363 1289 3418 de
1303 3373 1359 3417 tra-

219 3449 325 3505 ditione
343 3458 370 3504 et
391 3449 514 3505 Ecclesia
535 3459 653 3505 tractare
673 3448 788 3504 studuit.
804 3447 892 3516 Quam
909 3450 943 3505 ob
962 3466 1073 3506 causam
1092 3452 1130 3517 si,
1144 3452 1219 3522 quod
1236 3451 1270 3507 ad
1290 3453 1360 3509 illud

219 3550 412 3614 argumentum
430 3541 545 3607 attinet,
563 3541 604 3596 rei
621 3540 781 3613 theologicae
798 3540 939 3596 commoda
960 3541 1143 3612 spectaveris,
1157 3541 1279 3613 prolecto
1297 3541 1359 3598 Cle-

219 3629 306 3685 menti
324 3637 456 3701 praestant
473 3630 594 3685 lrenaeus
611 3639 639 3685 et
656 3630 858 3696 Tertullianus,
876 3631 978 3703 quippe
995 3631 1042 3702 qui
1062 3632 1194 3702 peculiari
1212 3648 1277 3687 cura
1294 3632 1359 3688 doc-

220 3720 322 3775 trinam
348 3719 418 3774 hanc
444 3719 570 3775 evolvere
596 3722 816 3788 contenderunt;
838 3720 965 3778 Clemens
990 3736 1056 3777 vero
1082 3721 1111 3775 in
1136 3721 1199 3776 aliis
1221 3720 1359 3792 capitibus

218 3807 392 3864 illustrandis
414 3819 573 3879 occupatur.
597 3810 687 3880 liujus
709 3825 790 3881 porro
812 3809 853 3865 rei
873 3810 943 3866 ratio
968 3809 1113 3880 multiplex
1134 3807 1225 3864 afferri
1248 3820 1357 3882 possct;

221 3897 285 3963 sed,
301 3907 332 3952 ut
344 3897 472 3953 brevitati
492 3900 684 3966 consulamus,
705 3915 788 3955 unam
807 3908 913 3955 tantum
932 3916 997 3956 mox
1016 3899 1223 3956 recensebimus
1242 3916 1275 3957 ex
1298 3901 1358 3974 ipso

221 3984 371 4043 Clementis
389 4001 503 4058 operum
521 4005 604 4063 scopo
621 4000 649 4046 et
666 3997 827 4063 argumento
846 3990 966 4046 ductam.
986 3989 1086 4047 terum
1106 3991 1232 4061 quamvis
1251 3992 1286 4047 de
1302 4001 1359 4046 tra-

254 4173 296 4238 (t)
315 4175 504 4237 c.a1,tn‚et.
521 4193 541 4226 c.
556 4160 595 4228 aa.

254 4255 300 4318 (a)
317 4257 343 4306 c.
356 4261 397 4306 aa,
