<?xml version="1.0" encoding="UTF-8"?>
<!DOCTYPE html PUBLIC "-//W3C//DTD XHTML 1.0 Transitional//EN"
    "http://www.w3.org/TR/xhtml1/DTD/xhtml1-transitional.dtd">
<html xmlns="http://www.w3.org/1999/xhtml" xml:lang="en" lang="en">
 <head>
  <title>
</title>
<meta http-equiv="Content-Type" content="text/html;charset=utf-8" />
  <meta name='ocr-system' content='tesseract 3.04.00' />
  <meta name='ocr-capabilities' content='ocr_page ocr_carea ocr_par ocr_line ocrx_word'/>
</head>
<body>
  <div class='ocr_page' id='page_1' title='image "./dissertatiohist00lafogoog_0214.png"; bbox 0 0 3150 5160; ppageno 0'>
   <div class='ocr_carea' id='block_1_1' title="bbox 129 349 1207 408">
    <p class='ocr_par' dir='ltr' id='par_1_1' title="bbox 129 349 1207 408">
     <span class='ocr_line' id='line_1_1' title="bbox 129 349 1207 408; baseline -0.001 -2"><span class='ocrx_word' id='word_1_1' title='bbox 129 366 165 407; x_wconf 81' lang='lat' dir='ltr'>DE</span> <span class='ocrx_word' id='word_1_2' title='bbox 180 364 336 408; x_wconf 70' lang='lat' dir='ltr'>scutatus.</span> <span class='ocrx_word' id='word_1_3' title='bbox 353 362 538 404; x_wconf 64' lang='lat' dir='ltr'>nisantium.</span> <span class='ocrx_word' id='word_1_4' title='bbox 560 360 702 402; x_wconf 73' lang='lat' dir='ltr'>consuat.</span> <span class='ocrx_word' id='word_1_5' title='bbox 719 361 755 401; x_wconf 82' lang='lat' dir='ltr'>ET</span> <span class='ocrx_word' id='word_1_6' title='bbox 770 361 863 403; x_wconf 73' lang='lat' dir='ltr'>cuttu</span> <span class='ocrx_word' id='word_1_7' title='bbox 875 361 1074 405; x_wconf 76' lang='lat' dir='ltr'>rossssssmttn.</span> <span class='ocrx_word' id='word_1_8' title='bbox 1151 349 1207 405; x_wconf 72' lang='grc'>199</span> 
     </span>
    </p>
   </div>
   <div class='ocr_carea' id='block_1_2' title="bbox 64 522 1216 4028">
    <p class='ocr_par' dir='ltr' id='par_1_2' title="bbox 64 522 1212 865">
     <span class='ocr_line' id='line_1_2' title="bbox 64 522 1210 594; baseline -0.003 -12"><span class='ocrx_word' id='word_1_9' title='bbox 64 526 229 591; x_wconf 81' lang='lat' dir='ltr'>Ecclesiam,</span> <span class='ocrx_word' id='word_1_10' title='bbox 256 540 317 594; x_wconf 86' lang='lat' dir='ltr'>quae</span> <span class='ocrx_word' id='word_1_11' title='bbox 340 539 402 579; x_wconf 91' lang='lat' dir='ltr'>cum</span> <span class='ocrx_word' id='word_1_12' title='bbox 426 524 490 587; x_wconf 91' lang='lat' dir='ltr'>illa,</span> <span class='ocrx_word' id='word_1_13' title='bbox 513 523 547 577; x_wconf 91' lang='lat' dir='ltr'>de</span> <span class='ocrx_word' id='word_1_14' title='bbox 573 537 626 592; x_wconf 88' lang='lat' dir='ltr'>qun</span> <span class='ocrx_word' id='word_1_15' title='bbox 654 522 807 591; x_wconf 93' lang='lat' dir='ltr'>loquimur,</span> <span class='ocrx_word' id='word_1_16' title='bbox 835 523 1052 578; x_wconf 91' lang='lat' dir='ltr'>christianorum</span> <span class='ocrx_word' id='word_1_17' title='bbox 1078 525 1210 578; x_wconf 84' lang='lat' dir='ltr'>societate</span> 
     </span>
     <span class='ocr_line' id='line_1_3' title="bbox 65 613 1211 685; baseline 0 -16"><span class='ocrx_word' id='word_1_18' title='bbox 65 615 142 685; x_wconf 85' lang='lat' dir='ltr'>plane</span> <span class='ocrx_word' id='word_1_19' title='bbox 160 615 234 670; x_wconf 90' lang='lat' dir='ltr'>idem</span> <span class='ocrx_word' id='word_1_20' title='bbox 263 623 321 678; x_wconf 91' lang='lat' dir='ltr'>est,</span> <span class='ocrx_word' id='word_1_21' title='bbox 342 613 504 678; x_wconf 80' lang='lat' dir='ltr'>sustuleris,</span> <span class='ocrx_word' id='word_1_22' title='bbox 529 613 621 667; x_wconf 88' lang='lat' dir='ltr'>omnia</span> <span class='ocrx_word' id='word_1_23' title='bbox 649 627 720 683; x_wconf 88' lang='lat' dir='ltr'>pene</span> <span class='ocrx_word' id='word_1_24' title='bbox 742 614 899 678; x_wconf 70' lang='lat' dir='ltr'>sustulisti,</span> <span class='ocrx_word' id='word_1_25' title='bbox 918 629 969 668; x_wconf 91' lang='lat' dir='ltr'>nec</span> <span class='ocrx_word' id='word_1_26' title='bbox 991 613 1112 684; x_wconf 89' lang='lat' dir='ltr'>amplius</span> <span class='ocrx_word' id='word_1_27' title='bbox 1133 630 1211 669; x_wconf 91' lang='lat' dir='ltr'>asse-</span> 
     </span>
     <span class='ocr_line' id='line_1_4' title="bbox 65 702 1212 776; baseline 0 -17"><span class='ocrx_word' id='word_1_28' title='bbox 65 719 130 774; x_wconf 89' lang='lat' dir='ltr'>quor</span> <span class='ocrx_word' id='word_1_29' title='bbox 156 718 206 776; x_wconf 78' lang='lat' dir='ltr'>ego</span> <span class='ocrx_word' id='word_1_30' title='bbox 227 702 274 758; x_wconf 90' lang='lat' dir='ltr'>uhi</span> <span class='ocrx_word' id='word_1_31' title='bbox 295 702 455 773; x_wconf 80' lang='lat' dir='ltr'>Scripturas</span> <span class='ocrx_word' id='word_1_32' title='bbox 475 702 613 768; x_wconf 82' lang='lat' dir='ltr'>invenias,</span> <span class='ocrx_word' id='word_1_33' title='bbox 639 718 691 758; x_wconf 88' lang='lat' dir='ltr'>nec</span> <span class='ocrx_word' id='word_1_34' title='bbox 713 719 768 773; x_wconf 90' lang='lat' dir='ltr'>qno</span> <span class='ocrx_word' id='word_1_35' title='bbox 794 712 873 774; x_wconf 90' lang='lat' dir='ltr'>pacto</span> <span class='ocrx_word' id='word_1_36' title='bbox 900 704 943 758; x_wconf 85' lang='lat' dir='ltr'>vel</span> <span class='ocrx_word' id='word_1_37' title='bbox 970 703 1037 773; x_wconf 87' lang='lat' dir='ltr'>ipsae</span> <span class='ocrx_word' id='word_1_38' title='bbox 1063 703 1212 774; x_wconf 76' lang='lat' dir='ltr'>Scriptura</span> 
     </span>
     <span class='ocr_line' id='line_1_5' title="bbox 66 801 253 865; baseline -0.016 -15"><span class='ocrx_word' id='word_1_39' title='bbox 66 811 123 851; x_wconf 89' lang='lat' dir='ltr'>csse</span> <span class='ocrx_word' id='word_1_40' title='bbox 141 801 253 865; x_wconf 88' lang='lat' dir='ltr'>queant.</span> 
     </span>
    </p>

    <p class='ocr_par' dir='ltr' id='par_1_3' title="bbox 65 882 1213 1586">
     <span class='ocr_line' id='line_1_6' title="bbox 99 882 1211 953; baseline -0.002 -13"><span class='ocrx_word' id='word_1_41' title='bbox 99 885 133 940; x_wconf 84' lang='lat' dir='ltr'>ht</span> <span class='ocrx_word' id='word_1_42' title='bbox 143 899 209 939; x_wconf 85' lang='lat' dir='ltr'>vero</span> <span class='ocrx_word' id='word_1_43' title='bbox 227 882 339 938; x_wconf 88' lang='lat' dir='ltr'>tametsi</span> <span class='ocrx_word' id='word_1_44' title='bbox 358 884 472 939; x_wconf 90' lang='lat' dir='ltr'>Patrum</span> <span class='ocrx_word' id='word_1_45' title='bbox 490 883 651 940; x_wconf 88' lang='lat' dir='ltr'>testimonia</span> <span class='ocrx_word' id='word_1_46' title='bbox 665 884 700 938; x_wconf 90' lang='lat' dir='ltr'>ad</span> <span class='ocrx_word' id='word_1_47' title='bbox 719 883 877 953; x_wconf 81' lang='lat' dir='ltr'>Scripturas</span> <span class='ocrx_word' id='word_1_48' title='bbox 890 883 1040 938; x_wconf 86' lang='lat' dir='ltr'>firmandas</span> <span class='ocrx_word' id='word_1_49' title='bbox 1051 884 1114 952; x_wconf 86' lang='lat' dir='ltr'>jure</span> <span class='ocrx_word' id='word_1_50' title='bbox 1126 883 1211 938; x_wconf 90' lang='lat' dir='ltr'>advo·</span> 
     </span>
     <span class='ocr_line' id='line_1_7' title="bbox 65 973 1211 1045; baseline -0.003 -16"><span class='ocrx_word' id='word_1_51' title='bbox 65 989 124 1029; x_wconf 84' lang='lat' dir='ltr'>mre</span> <span class='ocrx_word' id='word_1_52' title='bbox 134 981 249 1045; x_wconf 89' lang='lat' dir='ltr'>possent</span> <span class='ocrx_word' id='word_1_53' title='bbox 259 982 461 1044; x_wconf 89' lang='lat' dir='ltr'>protestantes;</span> <span class='ocrx_word' id='word_1_54' title='bbox 476 1005 512 1014; x_wconf 84' lang='lat'>—-</span> <span class='ocrx_word' id='word_1_55' title='bbox 525 974 623 1030; x_wconf 88' lang='lat' dir='ltr'>Patres</span> <span class='ocrx_word' id='word_1_56' title='bbox 641 974 716 1029; x_wconf 92' lang='lat' dir='ltr'>enim</span> <span class='ocrx_word' id='word_1_57' title='bbox 728 975 820 1043; x_wconf 80' lang='lat' dir='ltr'>reipsa</span> <span class='ocrx_word' id='word_1_58' title='bbox 833 973 997 1029; x_wconf 80' lang='lat' dir='ltr'>extitere-</span> <span class='ocrx_word' id='word_1_59' title='bbox 1010 973 1106 1027; x_wconf 88' lang='lat' dir='ltr'>nescio</span> <span class='ocrx_word' id='word_1_60' title='bbox 1118 981 1211 1026; x_wconf 90' lang='lat' dir='ltr'>tamen</span> 
     </span>
     <span class='ocr_line' id='line_1_8' title="bbox 66 1060 1212 1136; baseline -0.003 -18"><span class='ocrx_word' id='word_1_61' title='bbox 66 1072 156 1119; x_wconf 91' lang='lat' dir='ltr'>utrum</span> <span class='ocrx_word' id='word_1_62' title='bbox 176 1064 228 1119; x_wconf 89' lang='lat' dir='ltr'>hac</span> <span class='ocrx_word' id='word_1_63' title='bbox 245 1064 330 1119; x_wconf 89' lang='lat' dir='ltr'>ctiam</span> <span class='ocrx_word' id='word_1_64' title='bbox 350 1063 409 1128; x_wconf 85' lang='lat' dir='ltr'>via,</span> <span class='ocrx_word' id='word_1_65' title='bbox 425 1064 571 1136; x_wconf 86' lang='lat' dir='ltr'>quaeipsis</span> <span class='ocrx_word' id='word_1_66' title='bbox 586 1063 701 1119; x_wconf 90' lang='lat' dir='ltr'>minime</span> <span class='ocrx_word' id='word_1_67' title='bbox 717 1073 807 1136; x_wconf 89' lang='lat' dir='ltr'>patet,</span> <span class='ocrx_word' id='word_1_68' title='bbox 827 1064 856 1118; x_wconf 93' lang='lat' dir='ltr'>iu</span> <span class='ocrx_word' id='word_1_69' title='bbox 875 1071 980 1116; x_wconf 90' lang='lat' dir='ltr'>certam</span> <span class='ocrx_word' id='word_1_70' title='bbox 1006 1060 1212 1131; x_wconf 88' lang='lat' dir='ltr'>Scripturarum</span> 
     </span>
     <span class='ocr_line' id='line_1_9' title="bbox 66 1151 1211 1226; baseline -0.004 -16"><span class='ocrx_word' id='word_1_71' title='bbox 66 1153 267 1225; x_wconf 87' lang='lat' dir='ltr'>possessionem</span> <span class='ocrx_word' id='word_1_72' title='bbox 281 1153 418 1210; x_wconf 89' lang='lat' dir='ltr'>venirent.</span> <span class='ocrx_word' id='word_1_73' title='bbox 436 1153 549 1210; x_wconf 87' lang='lat' dir='ltr'>Sublata</span> <span class='ocrx_word' id='word_1_74' title='bbox 562 1155 651 1220; x_wconf 91' lang='lat' dir='ltr'>enim,</span> <span class='ocrx_word' id='word_1_75' title='bbox 666 1163 696 1210; x_wconf 89' lang='lat' dir='ltr'>ut</span> <span class='ocrx_word' id='word_1_76' title='bbox 715 1155 837 1226; x_wconf 89' lang='lat' dir='ltr'>postulat</span> <span class='ocrx_word' id='word_1_77' title='bbox 849 1168 944 1209; x_wconf 89' lang='lat' dir='ltr'>eorum</span> <span class='ocrx_word' id='word_1_78' title='bbox 958 1151 1121 1216; x_wconf 81' lang='lat' dir='ltr'>methodus,</span> <span class='ocrx_word' id='word_1_79' title='bbox 1136 1153 1211 1207; x_wconf 91' lang='lat' dir='ltr'>omni</span> 
     </span>
     <span class='ocr_line' id='line_1_10' title="bbox 66 1241 1213 1317; baseline 0 -19"><span class='ocrx_word' id='word_1_80' title='bbox 66 1242 213 1299; x_wconf 88' lang='lat' dir='ltr'>christiana</span> <span class='ocrx_word' id='word_1_81' title='bbox 237 1242 428 1311; x_wconf 75' lang='lat' dir='ltr'>institutione,</span> <span class='ocrx_word' id='word_1_82' title='bbox 452 1245 560 1301; x_wconf 88' lang='lat' dir='ltr'>sublato</span> <span class='ocrx_word' id='word_1_83' title='bbox 581 1245 656 1300; x_wconf 89' lang='lat' dir='ltr'>otnni</span> <span class='ocrx_word' id='word_1_84' title='bbox 680 1245 715 1301; x_wconf 91' lang='lat' dir='ltr'>de</span> <span class='ocrx_word' id='word_1_85' title='bbox 733 1245 850 1300; x_wconf 82' lang='lat' dir='ltr'>veritate</span> <span class='ocrx_word' id='word_1_86' title='bbox 868 1252 917 1298; x_wconf 90' lang='lat' dir='ltr'>aut</span> <span class='ocrx_word' id='word_1_87' title='bbox 935 1241 1054 1298; x_wconf 81' lang='lat' dir='ltr'>falsitate</span> <span class='ocrx_word' id='word_1_88' title='bbox 1070 1243 1213 1317; x_wconf 84' lang='lat' dir='ltr'>religionis</span> 
     </span>
     <span class='ocr_line' id='line_1_11' title="bbox 68 1333 1213 1407; baseline 0.002 -19"><span class='ocrx_word' id='word_1_89' title='bbox 68 1333 225 1389; x_wconf 83' lang='lat' dir='ltr'>christianae</span> <span class='ocrx_word' id='word_1_90' title='bbox 249 1333 425 1405; x_wconf 88' lang='lat' dir='ltr'>praejudicio;</span> <span class='ocrx_word' id='word_1_91' title='bbox 453 1334 590 1406; x_wconf 87' lang='lat' dir='ltr'>cujusque</span> <span class='ocrx_word' id='word_1_92' title='bbox 610 1333 747 1407; x_wconf 80' lang='lat' dir='ltr'>dogmatis</span> <span class='ocrx_word' id='word_1_93' title='bbox 770 1344 834 1390; x_wconf 90' lang='lat' dir='ltr'>ante</span> <span class='ocrx_word' id='word_1_94' title='bbox 855 1334 961 1405; x_wconf 88' lang='lat' dir='ltr'>accepti</span> <span class='ocrx_word' id='word_1_95' title='bbox 984 1343 1077 1389; x_wconf 89' lang='lat' dir='ltr'>mente</span> <span class='ocrx_word' id='word_1_96' title='bbox 1099 1351 1213 1406; x_wconf 85' lang='lat' dir='ltr'>prorsus</span> 
     </span>
     <span class='ocr_line' id='line_1_12' title="bbox 69 1423 1213 1497; baseline 0.003 -21"><span class='ocrx_word' id='word_1_97' title='bbox 69 1433 194 1494; x_wconf 84' lang='lat' dir='ltr'>experte,</span> <span class='ocrx_word' id='word_1_98' title='bbox 217 1423 281 1494; x_wconf 93' lang='lat' dir='ltr'>quis</span> <span class='ocrx_word' id='word_1_99' title='bbox 305 1425 518 1495; x_wconf 85' lang='lat' dir='ltr'>protestantium</span> <span class='ocrx_word' id='word_1_100' title='bbox 540 1424 700 1497; x_wconf 84' lang='lat' dir='ltr'>Scripturas</span> <span class='ocrx_word' id='word_1_101' title='bbox 721 1436 753 1480; x_wconf 81' lang='lat' dir='ltr'>tlt</span> <span class='ocrx_word' id='word_1_102' title='bbox 765 1440 831 1480; x_wconf 84' lang='lat' dir='ltr'>rere</span> <span class='ocrx_word' id='word_1_103' title='bbox 850 1441 943 1480; x_wconf 90' lang='lat' dir='ltr'>sacras</span> <span class='ocrx_word' id='word_1_104' title='bbox 962 1440 994 1480; x_wconf 89' lang='lat' dir='ltr'>ac</span> <span class='ocrx_word' id='word_1_105' title='bbox 1010 1425 1118 1481; x_wconf 86' lang='lat' dir='ltr'>divinas</span> <span class='ocrx_word' id='word_1_106' title='bbox 1134 1425 1213 1480; x_wconf 87' lang='lat' dir='ltr'>hahi-</span> 
     </span>
     <span class='ocr_line' id='line_1_13' title="bbox 66 1513 1040 1586; baseline 0.003 -19"><span class='ocrx_word' id='word_1_107' title='bbox 66 1522 143 1569; x_wconf 92' lang='lat' dir='ltr'>turus</span> <span class='ocrx_word' id='word_1_108' title='bbox 162 1513 218 1569; x_wconf 79' lang='lat' dir='ltr'>siti</span> <span class='ocrx_word' id='word_1_109' title='bbox 237 1513 309 1582; x_wconf 83' lang='lat' dir='ltr'>Quid</span> <span class='ocrx_word' id='word_1_110' title='bbox 327 1530 428 1586; x_wconf 85' lang='lat' dir='ltr'>nempe</span> <span class='ocrx_word' id='word_1_111' title='bbox 449 1524 516 1571; x_wconf 89' lang='lat' dir='ltr'>tunc</span> <span class='ocrx_word' id='word_1_112' title='bbox 529 1515 667 1571; x_wconf 89' lang='lat' dir='ltr'>accideret</span> <span class='ocrx_word' id='word_1_113' title='bbox 684 1531 719 1571; x_wconf 82' lang='lat' dir='ltr'>ex</span> <span class='ocrx_word' id='word_1_114' title='bbox 740 1515 863 1571; x_wconf 84' lang='lat' dir='ltr'>Senalero</span> <span class='ocrx_word' id='word_1_115' title='bbox 882 1516 1040 1572; x_wconf 83' lang='lat' dir='ltr'>didicimus.</span> 
     </span>
    </p>

    <p class='ocr_par' dir='ltr' id='par_1_4' title="bbox 65 1603 1216 2491">
     <span class='ocr_line' id='line_1_14' title="bbox 99 1603 1214 1678; baseline 0.004 -20"><span class='ocrx_word' id='word_1_116' title='bbox 99 1603 213 1659; x_wconf 75' lang='lat' dir='ltr'>Accedit</span> <span class='ocrx_word' id='word_1_117' title='bbox 230 1604 320 1675; x_wconf 90' lang='lat' dir='ltr'>quod,</span> <span class='ocrx_word' id='word_1_118' title='bbox 336 1605 361 1660; x_wconf 93' lang='lat' dir='ltr'>si</span> <span class='ocrx_word' id='word_1_119' title='bbox 374 1605 512 1676; x_wconf 75' lang='lat' dir='ltr'>maiorum</span> <span class='ocrx_word' id='word_1_120' title='bbox 525 1621 643 1661; x_wconf 92' lang='lat' dir='ltr'>suorum</span> <span class='ocrx_word' id='word_1_121' title='bbox 657 1605 799 1678; x_wconf 90' lang='lat' dir='ltr'>principio</span> <span class='ocrx_word' id='word_1_122' title='bbox 812 1605 939 1661; x_wconf 83' lang='lat' dir='ltr'>strictius</span> <span class='ocrx_word' id='word_1_123' title='bbox 952 1605 1094 1660; x_wconf 80' lang='lat' dir='ltr'>adhaerere</span> <span class='ocrx_word' id='word_1_124' title='bbox 1111 1606 1214 1662; x_wconf 85' lang='lat' dir='ltr'>vellent</span> 
     </span>
     <span class='ocr_line' id='line_1_15' title="bbox 66 1696 1214 1766; baseline 0.003 -18"><span class='ocrx_word' id='word_1_125' title='bbox 66 1703 264 1764; x_wconf 83' lang='lat' dir='ltr'>protestantes,</span> <span class='ocrx_word' id='word_1_126' title='bbox 279 1710 453 1766; x_wconf 89' lang='lat' dir='ltr'>nequaquam</span> <span class='ocrx_word' id='word_1_127' title='bbox 476 1710 510 1750; x_wconf 87' lang='lat' dir='ltr'>ex</span> <span class='ocrx_word' id='word_1_128' title='bbox 530 1696 679 1752; x_wconf 89' lang='lat' dir='ltr'>traditione</span> <span class='ocrx_word' id='word_1_129' title='bbox 696 1696 759 1752; x_wconf 84' lang='lat' dir='ltr'>riva</span> <span class='ocrx_word' id='word_1_130' title='bbox 773 1712 822 1751; x_wconf 87' lang='lat' dir='ltr'>seu</span> <span class='ocrx_word' id='word_1_131' title='bbox 836 1712 870 1750; x_wconf 83' lang='lat' dir='ltr'>ex</span> <span class='ocrx_word' id='word_1_132' title='bbox 883 1697 1024 1762; x_wconf 86' lang='lat' dir='ltr'>Patribus,</span> <span class='ocrx_word' id='word_1_133' title='bbox 1046 1697 1094 1752; x_wconf 87' lang='lat' dir='ltr'>sed</span> <span class='ocrx_word' id='word_1_134' title='bbox 1109 1713 1141 1753; x_wconf 81' lang='lat' dir='ltr'>cn</span> <span class='ocrx_word' id='word_1_135' title='bbox 1156 1697 1214 1753; x_wconf 88' lang='lat' dir='ltr'>sola</span> 
     </span>
     <span class='ocr_line' id='line_1_16' title="bbox 67 1783 1214 1857; baseline 0.002 -17"><span class='ocrx_word' id='word_1_136' title='bbox 67 1783 207 1856; x_wconf 89' lang='lat' dir='ltr'>Scriptura</span> <span class='ocrx_word' id='word_1_137' title='bbox 221 1784 311 1856; x_wconf 91' lang='lat' dir='ltr'>ipsius</span> <span class='ocrx_word' id='word_1_138' title='bbox 328 1785 480 1856; x_wconf 84' lang='lat' dir='ltr'>Scripturae</span> <span class='ocrx_word' id='word_1_139' title='bbox 492 1785 665 1841; x_wconf 88' lang='lat' dir='ltr'>authentiam</span> <span class='ocrx_word' id='word_1_140' title='bbox 687 1795 715 1842; x_wconf 93' lang='grc' dir='ltr'><strong>ει</strong></span> <span class='ocrx_word' id='word_1_141' title='bbox 727 1786 849 1841; x_wconf 86' lang='lat' dir='ltr'>divinam</span> <span class='ocrx_word' id='word_1_142' title='bbox 865 1786 1077 1857; x_wconf 89' lang='lat' dir='ltr'>inspirationem</span> <span class='ocrx_word' id='word_1_143' title='bbox 1092 1795 1214 1842; x_wconf 86' lang='lat' dir='ltr'>statuere</span> 
     </span>
     <span class='ocr_line' id='line_1_17' title="bbox 65 1874 1214 1948; baseline 0.004 -19"><span class='ocrx_word' id='word_1_144' title='bbox 65 1874 213 1942; x_wconf 88' lang='lat' dir='ltr'>dehereut;</span> <span class='ocrx_word' id='word_1_145' title='bbox 225 1875 298 1946; x_wconf 93' lang='lat' dir='ltr'>quod</span> <span class='ocrx_word' id='word_1_146' title='bbox 311 1875 389 1930; x_wconf 92' lang='lat' dir='ltr'>nullo</span> <span class='ocrx_word' id='word_1_147' title='bbox 402 1886 482 1946; x_wconf 90' lang='lat' dir='ltr'>pacto</span> <span class='ocrx_word' id='word_1_148' title='bbox 498 1874 559 1930; x_wconf 87' lang='lat' dir='ltr'>fieri</span> <span class='ocrx_word' id='word_1_149' title='bbox 572 1885 677 1947; x_wconf 91' lang='lat' dir='ltr'>potest,</span> <span class='ocrx_word' id='word_1_150' title='bbox 694 1877 761 1948; x_wconf 92' lang='lat' dir='ltr'>quin</span> <span class='ocrx_word' id='word_1_151' title='bbox 776 1877 859 1932; x_wconf 88' lang='lat' dir='ltr'>etiam</span> <span class='ocrx_word' id='word_1_152' title='bbox 873 1885 901 1931; x_wconf 92' lang='grc' dir='ltr'><strong>ει</strong></span> <span class='ocrx_word' id='word_1_153' title='bbox 913 1877 1146 1933; x_wconf 86' lang='lat' dir='ltr'>absurdissimum</span> <span class='ocrx_word' id='word_1_154' title='bbox 1157 1888 1214 1944; x_wconf 90' lang='lat' dir='ltr'>est,</span> 
     </span>
     <span class='ocr_line' id='line_1_18' title="bbox 66 1965 1214 2038; baseline 0.002 -16"><span class='ocrx_word' id='word_1_155' title='bbox 66 1966 206 2038; x_wconf 88' lang='lat' dir='ltr'>quodque,</span> <span class='ocrx_word' id='word_1_156' title='bbox 231 1966 255 2021; x_wconf 92' lang='lat' dir='ltr'>si</span> <span class='ocrx_word' id='word_1_157' title='bbox 283 1966 312 2020; x_wconf 92' lang='lat' dir='ltr'>in</span> <span class='ocrx_word' id='word_1_158' title='bbox 339 1982 421 2021; x_wconf 92' lang='lat' dir='ltr'>usum</span> <span class='ocrx_word' id='word_1_159' title='bbox 444 1965 644 2033; x_wconf 89' lang='lat' dir='ltr'>adduceretur,</span> <span class='ocrx_word' id='word_1_160' title='bbox 663 1977 737 2023; x_wconf 87' lang='lat' dir='ltr'>recta</span> <span class='ocrx_word' id='word_1_161' title='bbox 756 1968 785 2022; x_wconf 95' lang='lat' dir='ltr'>in</span> <span class='ocrx_word' id='word_1_162' title='bbox 808 1967 990 2023; x_wconf 90' lang='lat' dir='ltr'>rationalismi</span> <span class='ocrx_word' id='word_1_163' title='bbox 1008 1976 1057 2022; x_wconf 91' lang='lat' dir='ltr'>aut</span> <span class='ocrx_word' id='word_1_164' title='bbox 1075 1967 1214 2024; x_wconf 87' lang='lat' dir='ltr'>lanatismi</span> 
     </span>
     <span class='ocr_line' id='line_1_19' title="bbox 67 2056 1214 2130; baseline 0 -18"><span class='ocrx_word' id='word_1_165' title='bbox 67 2056 231 2126; x_wconf 75' lang='lat' dir='ltr'>profundum</span> <span class='ocrx_word' id='word_1_166' title='bbox 246 2071 294 2111; x_wconf 88' lang='lat' dir='ltr'>eos</span> <span class='ocrx_word' id='word_1_167' title='bbox 304 2056 462 2127; x_wconf 88' lang='lat' dir='ltr'>praecipites</span> <span class='ocrx_word' id='word_1_168' title='bbox 476 2066 579 2130; x_wconf 80' lang='lat' dir='ltr'>ageret.</span> <span class='ocrx_word' id='word_1_169' title='bbox 592 2058 694 2112; x_wconf 85' lang='lat' dir='ltr'>Verum</span> <span class='ocrx_word' id='word_1_170' title='bbox 709 2059 767 2113; x_wconf 85' lang='lat' dir='ltr'>haec</span> <span class='ocrx_word' id='word_1_171' title='bbox 779 2073 813 2112; x_wconf 82' lang='lat' dir='ltr'>ex</span> <span class='ocrx_word' id='word_1_172' title='bbox 826 2074 858 2113; x_wconf 91' lang='lat' dir='ltr'>ea</span> <span class='ocrx_word' id='word_1_173' title='bbox 872 2074 954 2128; x_wconf 90' lang='lat' dir='ltr'>quam</span> <span class='ocrx_word' id='word_1_174' title='bbox 971 2073 1055 2128; x_wconf 88' lang='lat' dir='ltr'>supra</span> <span class='ocrx_word' id='word_1_175' title='bbox 1068 2058 1214 2113; x_wconf 86' lang='lat' dir='ltr'>adumbra-</span> 
     </span>
     <span class='ocr_line' id='line_1_20' title="bbox 66 2147 1216 2220; baseline 0.004 -20"><span class='ocrx_word' id='word_1_176' title='bbox 66 2148 157 2203; x_wconf 84' lang='lat' dir='ltr'>vimus</span> <span class='ocrx_word' id='word_1_177' title='bbox 168 2147 297 2218; x_wconf 92' lang='lat' dir='ltr'>principii</span> <span class='ocrx_word' id='word_1_178' title='bbox 313 2147 534 2218; x_wconf 88' lang='lat' dir='ltr'>protestantismi</span> <span class='ocrx_word' id='word_1_179' title='bbox 550 2147 665 2203; x_wconf 87' lang='lat' dir='ltr'>historia</span> <span class='ocrx_word' id='word_1_180' title='bbox 678 2147 788 2203; x_wconf 88' lang='lat' dir='ltr'>abunde</span> <span class='ocrx_word' id='word_1_181' title='bbox 802 2147 914 2203; x_wconf 89' lang='lat' dir='ltr'>luerunt</span> <span class='ocrx_word' id='word_1_182' title='bbox 928 2149 1119 2219; x_wconf 88' lang='lat' dir='ltr'>comprobata,</span> <span class='ocrx_word' id='word_1_183' title='bbox 1134 2160 1216 2220; x_wconf 90' lang='lat' dir='ltr'>atque</span> 
     </span>
     <span class='ocr_line' id='line_1_21' title="bbox 66 2236 1216 2314; baseline 0.004 -23"><span class='ocrx_word' id='word_1_184' title='bbox 66 2237 134 2293; x_wconf 86' lang='lat' dir='ltr'>adeo</span> <span class='ocrx_word' id='word_1_185' title='bbox 147 2237 175 2291; x_wconf 94' lang='lat' dir='ltr'>in</span> <span class='ocrx_word' id='word_1_186' title='bbox 190 2236 247 2292; x_wconf 94' lang='lat' dir='ltr'>illis</span> <span class='ocrx_word' id='word_1_187' title='bbox 264 2236 443 2292; x_wconf 90' lang='lat' dir='ltr'>enucleandis</span> <span class='ocrx_word' id='word_1_188' title='bbox 457 2236 565 2293; x_wconf 92' lang='lat' dir='ltr'>diutius</span> <span class='ocrx_word' id='word_1_189' title='bbox 584 2238 726 2293; x_wconf 89' lang='lat' dir='ltr'>immomri</span> <span class='ocrx_word' id='word_1_190' title='bbox 743 2253 799 2294; x_wconf 93' lang='lat' dir='ltr'>non</span> <span class='ocrx_word' id='word_1_191' title='bbox 816 2246 859 2294; x_wconf 92' lang='lat' dir='ltr'>est</span> <span class='ocrx_word' id='word_1_192' title='bbox 875 2254 1005 2304; x_wconf 89' lang='lat' dir='ltr'>necesse,</span> <span class='ocrx_word' id='word_1_193' title='bbox 1025 2254 1058 2294; x_wconf 90' lang='lat' dir='ltr'>eo</span> <span class='ocrx_word' id='word_1_194' title='bbox 1071 2241 1114 2296; x_wconf 87' lang='lat' dir='ltr'>vel</span> <span class='ocrx_word' id='word_1_195' title='bbox 1129 2242 1216 2314; x_wconf 81' lang='lat' dir='ltr'>magis</span> 
     </span>
     <span class='ocr_line' id='line_1_22' title="bbox 66 2327 1216 2400; baseline 0.003 -18"><span class='ocrx_word' id='word_1_196' title='bbox 66 2327 138 2397; x_wconf 93' lang='lat' dir='ltr'>quod</span> <span class='ocrx_word' id='word_1_197' title='bbox 152 2343 184 2382; x_wconf 88' lang='lat' dir='ltr'>ea</span> <span class='ocrx_word' id='word_1_198' title='bbox 198 2327 301 2398; x_wconf 72' lang='lat' dir='ltr'>saepius</span> <span class='ocrx_word' id='word_1_199' title='bbox 313 2343 329 2381; x_wconf 90' lang='lat' dir='ltr'>a</span> <span class='ocrx_word' id='word_1_200' title='bbox 343 2327 480 2400; x_wconf 84' lang='lat' dir='ltr'>theologis</span> <span class='ocrx_word' id='word_1_201' title='bbox 493 2328 597 2383; x_wconf 90' lang='lat' dir='ltr'>nostris</span> <span class='ocrx_word' id='word_1_202' title='bbox 610 2339 673 2399; x_wconf 91' lang='lat' dir='ltr'>apte</span> <span class='ocrx_word' id='word_1_203' title='bbox 687 2338 715 2384; x_wconf 93' lang='lat' dir='ltr'>et</span> <span class='ocrx_word' id='word_1_204' title='bbox 727 2329 883 2384; x_wconf 89' lang='lat' dir='ltr'>luculenter</span> <span class='ocrx_word' id='word_1_205' title='bbox 891 2329 1032 2400; x_wconf 88' lang='lat' dir='ltr'>disputata</span> <span class='ocrx_word' id='word_1_206' title='bbox 1042 2346 1074 2385; x_wconf 91' lang='lat' dir='ltr'>ac</span> <span class='ocrx_word' id='word_1_207' title='bbox 1086 2331 1216 2387; x_wconf 91' lang='lat' dir='ltr'>demons-</span> 
     </span>
     <span class='ocr_line' id='line_1_23' title="bbox 66 2417 313 2491; baseline 0.008 -20"><span class='ocrx_word' id='word_1_208' title='bbox 66 2428 138 2474; x_wconf 86' lang='lat' dir='ltr'>trata</span> <span class='ocrx_word' id='word_1_209' title='bbox 158 2418 236 2473; x_wconf 84' lang='lat' dir='ltr'>luere</span> <span class='ocrx_word' id='word_1_210' title='bbox 256 2417 313 2491; x_wconf 77' lang='lat' dir='ltr'>(ll.</span> 
     </span>
    </p>

    <p class='ocr_par' dir='ltr' id='par_1_5' title="bbox 66 2509 1216 3124">
     <span class='ocr_line' id='line_1_24' title="bbox 103 2509 1215 2582; baseline 0.003 -19"><span class='ocrx_word' id='word_1_211' title='bbox 103 2509 192 2565; x_wconf 89' lang='lat' dir='ltr'>Porro</span> <span class='ocrx_word' id='word_1_212' title='bbox 205 2525 236 2563; x_wconf 91' lang='lat' dir='ltr'>ea</span> <span class='ocrx_word' id='word_1_213' title='bbox 256 2526 318 2579; x_wconf 87' lang='lat' dir='ltr'>quae</span> <span class='ocrx_word' id='word_1_214' title='bbox 340 2509 375 2564; x_wconf 87' lang='lat' dir='ltr'>dc</span> <span class='ocrx_word' id='word_1_215' title='bbox 394 2509 537 2565; x_wconf 89' lang='lat' dir='ltr'>historicis</span> <span class='ocrx_word' id='word_1_216' title='bbox 556 2510 724 2565; x_wconf 90' lang='lat' dir='ltr'>testimoniis</span> <span class='ocrx_word' id='word_1_217' title='bbox 744 2511 920 2582; x_wconf 83' lang='lat' dir='ltr'>explorandis</span> <span class='ocrx_word' id='word_1_218' title='bbox 932 2511 1053 2566; x_wconf 91' lang='lat' dir='ltr'>dicimus</span> <span class='ocrx_word' id='word_1_219' title='bbox 1071 2512 1106 2566; x_wconf 91' lang='lat' dir='ltr'>ad</span> <span class='ocrx_word' id='word_1_220' title='bbox 1119 2511 1215 2566; x_wconf 90' lang='lat' dir='ltr'>doctos</span> 
     </span>
     <span class='ocr_line' id='line_1_25' title="bbox 66 2599 1216 2670; baseline -0.001 -15"><span class='ocrx_word' id='word_1_221' title='bbox 66 2611 94 2655; x_wconf 90' lang='lat' dir='ltr'>et</span> <span class='ocrx_word' id='word_1_222' title='bbox 106 2599 232 2655; x_wconf 90' lang='lat' dir='ltr'>eruditos</span> <span class='ocrx_word' id='word_1_223' title='bbox 251 2609 360 2654; x_wconf 87' lang='lat' dir='ltr'>tantum</span> <span class='ocrx_word' id='word_1_224' title='bbox 379 2600 455 2654; x_wconf 80' lang='lat' dir='ltr'>uiros</span> <span class='ocrx_word' id='word_1_225' title='bbox 473 2609 615 2670; x_wconf 85' lang='lat' dir='ltr'>spectant;</span> <span class='ocrx_word' id='word_1_226' title='bbox 635 2600 684 2654; x_wconf 85' lang='lat' dir='ltr'>scd</span> <span class='ocrx_word' id='word_1_227' title='bbox 704 2615 760 2654; x_wconf 92' lang='lat' dir='ltr'>non</span> <span class='ocrx_word' id='word_1_228' title='bbox 779 2601 922 2656; x_wconf 91' lang='lat' dir='ltr'>doctorum</span> <span class='ocrx_word' id='word_1_229' title='bbox 945 2601 1044 2663; x_wconf 84' lang='lat' dir='ltr'>modo,</span> <span class='ocrx_word' id='word_1_230' title='bbox 1067 2616 1163 2655; x_wconf 80' lang='lat' dir='ltr'>uerum</span> <span class='ocrx_word' id='word_1_231' title='bbox 1188 2611 1216 2654; x_wconf 95' lang='grc' dir='ltr'><strong>ει</strong></span> 
     </span>
     <span class='ocr_line' id='line_1_26' title="bbox 66 2688 1215 2765; baseline 0 -19"><span class='ocrx_word' id='word_1_232' title='bbox 66 2690 178 2746; x_wconf 90' lang='lat' dir='ltr'>rudium</span> <span class='ocrx_word' id='word_1_233' title='bbox 202 2700 230 2744; x_wconf 92' lang='grc' dir='ltr'><strong>ει</strong></span> <span class='ocrx_word' id='word_1_234' title='bbox 254 2689 389 2760; x_wconf 81' lang='lat' dir='ltr'>imperitae</span> <span class='ocrx_word' id='word_1_235' title='bbox 411 2689 502 2758; x_wconf 91' lang='lat' dir='ltr'>plchis</span> <span class='ocrx_word' id='word_1_236' title='bbox 526 2700 569 2745; x_wconf 91' lang='lat' dir='ltr'>est</span> <span class='ocrx_word' id='word_1_237' title='bbox 587 2688 684 2762; x_wconf 81' lang='lat' dir='ltr'>religio</span> <span class='ocrx_word' id='word_1_238' title='bbox 705 2706 711 2743; x_wconf 93' lang='lat'>:</span> <span class='ocrx_word' id='word_1_239' title='bbox 734 2710 749 2741; x_wconf 81' lang='lat' dir='ltr'>a</span> <span class='ocrx_word' id='word_1_240' title='bbox 770 2689 855 2758; x_wconf 82' lang='lat' dir='ltr'>Quid,</span> <span class='ocrx_word' id='word_1_241' title='bbox 883 2690 1026 2760; x_wconf 87' lang='lat' dir='ltr'>inquiebat</span> <span class='ocrx_word' id='word_1_242' title='bbox 1044 2691 1215 2765; x_wconf 76' lang='lat' dir='ltr'>Augustinus</span> 
     </span>
     <span class='ocr_line' id='line_1_27' title="bbox 66 2776 1214 2853; baseline 0.003 -19"><span class='ocrx_word' id='word_1_243' title='bbox 66 2780 156 2835; x_wconf 89' lang='lat' dir='ltr'>amico</span> <span class='ocrx_word' id='word_1_244' title='bbox 170 2778 325 2843; x_wconf 80' lang='lat' dir='ltr'>Honorum,</span> <span class='ocrx_word' id='word_1_245' title='bbox 343 2776 452 2832; x_wconf 87' lang='lat' dir='ltr'>caeteris</span> <span class='ocrx_word' id='word_1_246' title='bbox 466 2778 640 2843; x_wconf 88' lang='lat' dir='ltr'>hominihus,</span> <span class='ocrx_word' id='word_1_247' title='bbox 660 2777 709 2848; x_wconf 93' lang='lat' dir='ltr'>qui</span> <span class='ocrx_word' id='word_1_248' title='bbox 726 2787 783 2833; x_wconf 92' lang='lat' dir='ltr'>tam</span> <span class='ocrx_word' id='word_1_249' title='bbox 800 2795 899 2836; x_wconf 92' lang='lat' dir='ltr'>sereno</span> <span class='ocrx_word' id='word_1_250' title='bbox 915 2780 1026 2853; x_wconf 84' lang='lat' dir='ltr'>iugenio</span> <span class='ocrx_word' id='word_1_251' title='bbox 1038 2782 1146 2852; x_wconf 83' lang='lat' dir='ltr'>praediti</span> <span class='ocrx_word' id='word_1_252' title='bbox 1160 2797 1214 2837; x_wconf 92' lang='lat' dir='ltr'>non</span> 
     </span>
     <span class='ocr_line' id='line_1_28' title="bbox 68 2865 1213 2942; baseline -0.002 -14"><span class='ocrx_word' id='word_1_253' title='bbox 68 2881 152 2937; x_wconf 90' lang='lat' dir='ltr'>sunt,</span> <span class='ocrx_word' id='word_1_254' title='bbox 176 2868 330 2942; x_wconf 82' lang='lat' dir='ltr'>negandam</span> <span class='ocrx_word' id='word_1_255' title='bbox 351 2866 512 2940; x_wconf 85' lang='lat' dir='ltr'>religionem</span> <span class='ocrx_word' id='word_1_256' title='bbox 536 2865 649 2939; x_wconf 83' lang='lat' dir='ltr'>putas‘l.</span> <span class='ocrx_word' id='word_1_257' title='bbox 661 2909 686 2921; x_wconf 89' lang='lat'>..</span> <span class='ocrx_word' id='word_1_258' title='bbox 710 2870 805 2940; x_wconf 86' lang='lat' dir='ltr'>Neque</span> <span class='ocrx_word' id='word_1_259' title='bbox 822 2870 896 2925; x_wconf 92' lang='lat' dir='ltr'>enim</span> <span class='ocrx_word' id='word_1_260' title='bbox 917 2870 968 2925; x_wconf 92' lang='lat' dir='ltr'>tihi</span> <span class='ocrx_word' id='word_1_261' title='bbox 986 2872 1076 2942; x_wconf 91' lang='lat' dir='ltr'>quivis</span> <span class='ocrx_word' id='word_1_262' title='bbox 1090 2872 1172 2927; x_wconf 93' lang='lat' dir='ltr'>homo</span> <span class='ocrx_word' id='word_1_263' title='bbox 1186 2874 1213 2926; x_wconf 93' lang='lat' dir='ltr'>in</span> 
     </span>
     <span class='ocr_line' id='line_1_29' title="bbox 69 2958 1214 3034; baseline 0.002 -20"><span class='ocrx_word' id='word_1_264' title='bbox 69 2961 110 3016; x_wconf 90' lang='lat' dir='ltr'>rei</span> <span class='ocrx_word' id='word_1_265' title='bbox 133 2969 219 3015; x_wconf 72' lang='lat' dir='ltr'>tantae</span> <span class='ocrx_word' id='word_1_266' title='bbox 241 2959 393 3029; x_wconf 88' lang='lat' dir='ltr'>cupiditate</span> <span class='ocrx_word' id='word_1_267' title='bbox 415 2959 473 3015; x_wconf 90' lang='lat' dir='ltr'>ullo</span> <span class='ocrx_word' id='word_1_268' title='bbox 495 2958 577 3014; x_wconf 91' lang='lat' dir='ltr'>modo</span> <span class='ocrx_word' id='word_1_269' title='bbox 598 2959 769 3014; x_wconf 88' lang='lat' dir='ltr'>deserendus</span> <span class='ocrx_word' id='word_1_270' title='bbox 791 2969 839 3016; x_wconf 92' lang='lat' dir='ltr'>aut</span> <span class='ocrx_word' id='word_1_271' title='bbox 864 2961 1038 3030; x_wconf 90' lang='lat' dir='ltr'>respuendus</span> <span class='ocrx_word' id='word_1_272' title='bbox 1055 2963 1144 3018; x_wconf 84' lang='lat' dir='ltr'>rideri</span> <span class='ocrx_word' id='word_1_273' title='bbox 1166 2980 1214 3034; x_wconf 79' lang='lat' dir='ltr'>po</span> 
     </span>
     <span class='ocr_line' id='line_1_30' title="bbox 69 3048 1215 3124; baseline -0.001 -17"><span class='ocrx_word' id='word_1_274' title='bbox 69 3061 125 3107; x_wconf 88' lang='lat' dir='ltr'>test</span> <span class='ocrx_word' id='word_1_275' title='bbox 143 3050 202 3124; x_wconf 67' lang='grc' dir='ltr'><strong>(Ξ).</strong></span> <span class='ocrx_word' id='word_1_276' title='bbox 220 3070 234 3102; x_wconf 77' lang='lat' dir='ltr'>r</span> <span class='ocrx_word' id='word_1_277' title='bbox 254 3048 313 3117; x_wconf 84' lang='lat' dir='ltr'>Qua</span> <span class='ocrx_word' id='word_1_278' title='bbox 331 3049 416 3122; x_wconf 83' lang='lat' dir='ltr'>igitur</span> <span class='ocrx_word' id='word_1_279' title='bbox 437 3050 482 3105; x_wconf 90' lang='lat' dir='ltr'>via</span> <span class='ocrx_word' id='word_1_280' title='bbox 499 3051 527 3106; x_wconf 91' lang='lat' dir='ltr'>id</span> <span class='ocrx_word' id='word_1_281' title='bbox 543 3066 631 3123; x_wconf 80' lang='lat' dir='ltr'>genus</span> <span class='ocrx_word' id='word_1_282' title='bbox 651 3050 779 3107; x_wconf 92' lang='lat' dir='ltr'>homines</span> <span class='ocrx_word' id='word_1_283' title='bbox 799 3050 834 3106; x_wconf 90' lang='lat' dir='ltr'>ad</span> <span class='ocrx_word' id='word_1_284' title='bbox 854 3051 1014 3122; x_wconf 89' lang='lat' dir='ltr'>Scripturas</span> <span class='ocrx_word' id='word_1_285' title='bbox 1034 3051 1215 3124; x_wconf 82' lang='lat' dir='ltr'>perveniant?</span> 
     </span>
    </p>

    <p class='ocr_par' dir='ltr' id='par_1_6' title="bbox 70 3140 1216 3573">
     <span class='ocr_line' id='line_1_31' title="bbox 107 3140 1214 3212; baseline -0.001 -14"><span class='ocrx_word' id='word_1_286' title='bbox 107 3142 204 3198; x_wconf 88' lang='lat' dir='ltr'>Stante</span> <span class='ocrx_word' id='word_1_287' title='bbox 217 3157 336 3212; x_wconf 88' lang='lat' dir='ltr'>namque</span> <span class='ocrx_word' id='word_1_288' title='bbox 351 3140 481 3195; x_wconf 90' lang='lat' dir='ltr'>methodo</span> <span class='ocrx_word' id='word_1_289' title='bbox 494 3142 708 3210; x_wconf 87' lang='lat' dir='ltr'>protestantica,</span> <span class='ocrx_word' id='word_1_290' title='bbox 723 3142 828 3197; x_wconf 89' lang='lat' dir='ltr'>anullo</span> <span class='ocrx_word' id='word_1_291' title='bbox 842 3142 988 3197; x_wconf 90' lang='lat' dir='ltr'>hominurn</span> <span class='ocrx_word' id='word_1_292' title='bbox 1006 3155 1073 3198; x_wconf 92' lang='lat' dir='ltr'>sunt</span> <span class='ocrx_word' id='word_1_293' title='bbox 1085 3144 1214 3208; x_wconf 87' lang='lat' dir='ltr'>docendi,</span> 
     </span>
     <span class='ocr_line' id='line_1_32' title="bbox 70 3231 1216 3305; baseline -0.002 -15"><span class='ocrx_word' id='word_1_294' title='bbox 70 3233 120 3290; x_wconf 86' lang='lat' dir='ltr'>sed</span> <span class='ocrx_word' id='word_1_295' title='bbox 140 3233 194 3305; x_wconf 92' lang='lat' dir='ltr'>ipsi</span> <span class='ocrx_word' id='word_1_296' title='bbox 218 3233 272 3289; x_wconf 94' lang='lat' dir='ltr'>sihi</span> <span class='ocrx_word' id='word_1_297' title='bbox 294 3231 472 3304; x_wconf 91' lang='lat' dir='ltr'>permittendi</span> <span class='ocrx_word' id='word_1_298' title='bbox 495 3240 526 3286; x_wconf 91' lang='lat' dir='ltr'>ut</span> <span class='ocrx_word' id='word_1_299' title='bbox 548 3233 616 3287; x_wconf 92' lang='lat' dir='ltr'>solis</span> <span class='ocrx_word' id='word_1_300' title='bbox 638 3233 699 3287; x_wconf 91' lang='lat' dir='ltr'>suis</span> <span class='ocrx_word' id='word_1_301' title='bbox 719 3232 827 3287; x_wconf 83' lang='lat' dir='ltr'>viribus</span> <span class='ocrx_word' id='word_1_302' title='bbox 846 3233 904 3287; x_wconf 85' lang='lat' dir='ltr'>nixi</span> <span class='ocrx_word' id='word_1_303' title='bbox 925 3231 1067 3305; x_wconf 91' lang='lat' dir='ltr'>inquirant</span> <span class='ocrx_word' id='word_1_304' title='bbox 1089 3234 1136 3288; x_wconf 91' lang='lat' dir='ltr'>uhi</span> <span class='ocrx_word' id='word_1_305' title='bbox 1158 3234 1216 3288; x_wconf 90' lang='lat' dir='ltr'>sint</span> 
     </span>
     <span class='ocr_line' id='line_1_33' title="bbox 71 3320 1215 3396; baseline -0.001 -18"><span class='ocrx_word' id='word_1_306' title='bbox 71 3323 236 3394; x_wconf 75' lang='lat' dir='ltr'>Scriptura,</span> <span class='ocrx_word' id='word_1_307' title='bbox 252 3325 356 3395; x_wconf 89' lang='lat' dir='ltr'>quique</span> <span class='ocrx_word' id='word_1_308' title='bbox 369 3339 403 3378; x_wconf 85' lang='lat' dir='ltr'>ex</span> <span class='ocrx_word' id='word_1_309' title='bbox 421 3322 503 3378; x_wconf 89' lang='lat' dir='ltr'>libris</span> <span class='ocrx_word' id='word_1_310' title='bbox 523 3320 729 3393; x_wconf 89' lang='lat' dir='ltr'>Scripturarum</span> <span class='ocrx_word' id='word_1_311' title='bbox 748 3325 861 3378; x_wconf 90' lang='lat' dir='ltr'>nomine</span> <span class='ocrx_word' id='word_1_312' title='bbox 874 3324 956 3396; x_wconf 80' lang='lat' dir='ltr'>vulgo</span> <span class='ocrx_word' id='word_1_313' title='bbox 975 3324 1085 3379; x_wconf 90' lang='lat' dir='ltr'>donatis</span> <span class='ocrx_word' id='word_1_314' title='bbox 1103 3339 1132 3377; x_wconf 94' lang='lat' dir='ltr'>re</span> <span class='ocrx_word' id='word_1_315' title='bbox 1150 3339 1215 3377; x_wconf 85' lang='lat' dir='ltr'>vera</span> 
     </span>
     <span class='ocr_line' id='line_1_34' title="bbox 70 3412 1214 3486; baseline 0.001 -20"><span class='ocrx_word' id='word_1_316' title='bbox 70 3413 206 3469; x_wconf 89' lang='lat' dir='ltr'>divinitus</span> <span class='ocrx_word' id='word_1_317' title='bbox 227 3415 285 3470; x_wconf 92' lang='lat' dir='ltr'>sint</span> <span class='ocrx_word' id='word_1_318' title='bbox 303 3413 456 3485; x_wconf 90' lang='lat' dir='ltr'>inspirati:</span> <span class='ocrx_word' id='word_1_319' title='bbox 482 3414 509 3470; x_wconf 92' lang='lat' dir='ltr'>id</span> <span class='ocrx_word' id='word_1_320' title='bbox 532 3423 624 3469; x_wconf 89' lang='lat' dir='ltr'>autem</span> <span class='ocrx_word' id='word_1_321' title='bbox 644 3429 727 3484; x_wconf 88' lang='lat' dir='ltr'>quam</span> <span class='ocrx_word' id='word_1_322' title='bbox 746 3414 826 3486; x_wconf 83' lang='lat' dir='ltr'>longe</span> <span class='ocrx_word' id='word_1_323' title='bbox 847 3413 921 3469; x_wconf 85' lang='lat' dir='ltr'>absit</span> <span class='ocrx_word' id='word_1_324' title='bbox 941 3428 957 3466; x_wconf 88' lang='lat' dir='ltr'>a</span> <span class='ocrx_word' id='word_1_325' title='bbox 980 3413 1089 3468; x_wconf 92' lang='lat' dir='ltr'>rudium</span> <span class='ocrx_word' id='word_1_326' title='bbox 1108 3412 1214 3468; x_wconf 90' lang='lat' dir='ltr'>viribus</span> 
     </span>
     <span class='ocr_line' id='line_1_35' title="bbox 70 3503 489 3573; baseline 0.002 -16"><span class='ocrx_word' id='word_1_327' title='bbox 70 3503 135 3573; x_wconf 90' lang='lat' dir='ltr'>quis</span> <span class='ocrx_word' id='word_1_328' title='bbox 148 3503 194 3559; x_wconf 85' lang='lat' dir='ltr'>vel</span> <span class='ocrx_word' id='word_1_329' title='bbox 207 3519 297 3559; x_wconf 74' lang='lat' dir='ltr'>cacus</span> <span class='ocrx_word' id='word_1_330' title='bbox 310 3521 366 3559; x_wconf 91' lang='lat' dir='ltr'>non</span> <span class='ocrx_word' id='word_1_331' title='bbox 379 3503 489 3560; x_wconf 75' lang='lat' dir='ltr'>videat?</span> 
     </span>
    </p>

    <p class='ocr_par' dir='ltr' id='par_1_7' title="bbox 69 3593 1216 3846">
     <span class='ocr_line' id='line_1_36' title="bbox 108 3593 1214 3667; baseline -0.001 -18"><span class='ocrx_word' id='word_1_332' title='bbox 108 3593 176 3661; x_wconf 72' lang='lat' dir='ltr'>Quae</span> <span class='ocrx_word' id='word_1_333' title='bbox 188 3611 274 3666; x_wconf 89' lang='lat' dir='ltr'>quum</span> <span class='ocrx_word' id='word_1_334' title='bbox 284 3594 322 3650; x_wconf 92' lang='lat' dir='ltr'>ita</span> <span class='ocrx_word' id='word_1_335' title='bbox 336 3610 367 3649; x_wconf 90' lang='lat' dir='ltr'>se</span> <span class='ocrx_word' id='word_1_336' title='bbox 380 3595 514 3661; x_wconf 85' lang='lat' dir='ltr'>habeant,</span> <span class='ocrx_word' id='word_1_337' title='bbox 525 3596 638 3651; x_wconf 92' lang='lat' dir='ltr'>omnino</span> <span class='ocrx_word' id='word_1_338' title='bbox 649 3594 809 3667; x_wconf 84' lang='lat' dir='ltr'>expeditum</span> <span class='ocrx_word' id='word_1_339' title='bbox 821 3603 865 3651; x_wconf 92' lang='grc' dir='ltr'>εει</span> <span class='ocrx_word' id='word_1_340' title='bbox 874 3596 902 3650; x_wconf 93' lang='lat' dir='ltr'>id</span> <span class='ocrx_word' id='word_1_341' title='bbox 913 3594 986 3665; x_wconf 93' lang='lat' dir='ltr'>quod</span> <span class='ocrx_word' id='word_1_342' title='bbox 1000 3593 1081 3649; x_wconf 91' lang='lat' dir='ltr'>modo</span> <span class='ocrx_word' id='word_1_343' title='bbox 1092 3594 1214 3658; x_wconf 87' lang='lat' dir='ltr'>aiebam,</span> 
     </span>
     <span class='ocr_line' id='line_1_37' title="bbox 69 3684 1216 3758; baseline 0.002 -18"><span class='ocrx_word' id='word_1_344' title='bbox 69 3684 228 3756; x_wconf 88' lang='lat' dir='ltr'>Scripturas</span> <span class='ocrx_word' id='word_1_345' title='bbox 240 3685 276 3741; x_wconf 89' lang='lat' dir='ltr'>ah</span> <span class='ocrx_word' id='word_1_346' title='bbox 288 3684 411 3740; x_wconf 87' lang='lat' dir='ltr'>Ecclesia</span> <span class='ocrx_word' id='word_1_347' title='bbox 424 3685 533 3757; x_wconf 73' lang='lat' dir='ltr'>seiungi</span> <span class='ocrx_word' id='word_1_348' title='bbox 545 3703 601 3743; x_wconf 94' lang='lat' dir='ltr'>non</span> <span class='ocrx_word' id='word_1_349' title='bbox 614 3701 711 3758; x_wconf 88' lang='lat' dir='ltr'>posse;</span> <span class='ocrx_word' id='word_1_350' title='bbox 723 3686 776 3741; x_wconf 90' lang='lat' dir='ltr'>hac</span> <span class='ocrx_word' id='word_1_351' title='bbox 788 3685 891 3758; x_wconf 88' lang='lat' dir='ltr'>quippe</span> <span class='ocrx_word' id='word_1_352' title='bbox 904 3685 1012 3742; x_wconf 86' lang='lat' dir='ltr'>sublata</span> <span class='ocrx_word' id='word_1_353' title='bbox 1025 3685 1088 3741; x_wconf 90' lang='lat' dir='ltr'>illas</span> <span class='ocrx_word' id='word_1_354' title='bbox 1106 3701 1216 3758; x_wconf 89' lang='lat' dir='ltr'>quoque</span> 
     </span>
     <span class='ocr_line' id='line_1_38' title="bbox 70 3775 601 3846; baseline -0.002 -16"><span class='ocrx_word' id='word_1_355' title='bbox 70 3791 201 3831; x_wconf 90' lang='lat' dir='ltr'>corruere</span> <span class='ocrx_word' id='word_1_356' title='bbox 218 3792 297 3831; x_wconf 89' lang='lat' dir='ltr'>neca</span> <span class='ocrx_word' id='word_1_357' title='bbox 311 3775 391 3831; x_wconf 90' lang='lat' dir='ltr'>nohis</span> <span class='ocrx_word' id='word_1_358' title='bbox 405 3775 494 3830; x_wconf 93' lang='lat' dir='ltr'>teneri</span> <span class='ocrx_word' id='word_1_359' title='bbox 510 3791 601 3846; x_wconf 90' lang='lat' dir='ltr'>posse.</span> 
     </span>
    </p>

    <p class='ocr_par' dir='ltr' id='par_1_8' title="bbox 72 3865 1216 4028">
     <span class='ocr_line' id='line_1_39' title="bbox 109 3865 1216 3939; baseline 0 -18"><span class='ocrx_word' id='word_1_360' title='bbox 109 3867 144 3923; x_wconf 87' lang='lat' dir='ltr'>Et</span> <span class='ocrx_word' id='word_1_361' title='bbox 156 3883 222 3922; x_wconf 85' lang='lat' dir='ltr'>vcro</span> <span class='ocrx_word' id='word_1_362' title='bbox 236 3868 442 3939; x_wconf 78' lang='lat' dir='ltr'>scripturarum</span> <span class='ocrx_word' id='word_1_363' title='bbox 455 3865 526 3921; x_wconf 92' lang='lat' dir='ltr'>ratio</span> <span class='ocrx_word' id='word_1_364' title='bbox 539 3867 661 3937; x_wconf 91' lang='lat' dir='ltr'>postulat</span> <span class='ocrx_word' id='word_1_365' title='bbox 672 3875 704 3922; x_wconf 92' lang='lat' dir='ltr'>ut</span> <span class='ocrx_word' id='word_1_366' title='bbox 714 3883 754 3922; x_wconf 83' lang='lat' dir='ltr'>cae</span> <span class='ocrx_word' id='word_1_367' title='bbox 766 3882 782 3921; x_wconf 89' lang='lat' dir='ltr'>a</span> <span class='ocrx_word' id='word_1_368' title='bbox 795 3867 928 3922; x_wconf 88' lang='lat' dir='ltr'>socictate</span> <span class='ocrx_word' id='word_1_369' title='bbox 940 3866 1076 3922; x_wconf 84' lang='lat' dir='ltr'>divinitus</span> <span class='ocrx_word' id='word_1_370' title='bbox 1089 3868 1216 3923; x_wconf 89' lang='lat' dir='ltr'>instituta</span> 
     </span>
     <span class='ocr_line' id='line_1_40' title="bbox 72 3956 1214 4028; baseline -0.002 -15"><span class='ocrx_word' id='word_1_371' title='bbox 72 3968 272 4015; x_wconf 85' lang='lat' dir='ltr'>conserventur</span> <span class='ocrx_word' id='word_1_372' title='bbox 288 3969 372 4028; x_wconf 90' lang='lat' dir='ltr'>atque</span> <span class='ocrx_word' id='word_1_373' title='bbox 389 3956 549 4012; x_wconf 89' lang='lat' dir='ltr'>hominihus</span> <span class='ocrx_word' id='word_1_374' title='bbox 569 3957 722 4012; x_wconf 88' lang='lat' dir='ltr'>tradantur.</span> <span class='ocrx_word' id='word_1_375' title='bbox 743 3956 870 4021; x_wconf 83' lang='lat' dir='ltr'>Homini,</span> <span class='ocrx_word' id='word_1_376' title='bbox 894 3964 1033 4027; x_wconf 86' lang='lat' dir='ltr'>quatenus</span> <span class='ocrx_word' id='word_1_377' title='bbox 1053 3959 1135 4014; x_wconf 92' lang='lat' dir='ltr'>homo</span> <span class='ocrx_word' id='word_1_378' title='bbox 1156 3967 1214 4018; x_wconf 88' lang='lat' dir='ltr'>est,</span> 
     </span>
    </p>
   </div>
   <div class='ocr_carea' id='block_1_3' title="bbox 71 4128 1217 4354">
    <p class='ocr_par' dir='ltr' id='par_1_9' title="bbox 71 4128 1217 4354">
     <span class='ocr_line' id='line_1_41' title="bbox 106 4128 1217 4195; baseline -0.005 -16"><span class='ocrx_word' id='word_1_379' title='bbox 106 4130 151 4193; x_wconf 83' lang='lat' dir='ltr'>(l)</span> <span class='ocrx_word' id='word_1_380' title='bbox 168 4129 205 4179; x_wconf 87' lang='lat' dir='ltr'>Gi.</span> <span class='ocrx_word' id='word_1_381' title='bbox 223 4128 261 4178; x_wconf 86' lang='lat' dir='ltr'>Cl.</span> <span class='ocrx_word' id='word_1_382' title='bbox 274 4128 417 4188; x_wconf 84' lang='lat' dir='ltr'>Wiseman,</span> <span class='ocrx_word' id='word_1_383' title='bbox 429 4128 588 4192; x_wconf 63' lang='lat' dir='ltr'>Confirmet-s</span> <span class='ocrx_word' id='word_1_384' title='bbox 601 4144 647 4179; x_wconf 77' lang='lat' dir='ltr'>aur</span> <span class='ocrx_word' id='word_1_385' title='bbox 657 4133 693 4179; x_wconf 83' lang='lat' dir='ltr'>les</span> <span class='ocrx_word' id='word_1_386' title='bbox 703 4133 827 4180; x_wconf 60' lang='lat' dir='ltr'>domim</span> <span class='ocrx_word' id='word_1_387' title='bbox 838 4137 859 4180; x_wconf 86' lang='lat' dir='ltr'>et</span> <span class='ocrx_word' id='word_1_388' title='bbox 871 4132 905 4180; x_wconf 82' lang='lat' dir='ltr'>les</span> <span class='ocrx_word' id='word_1_389' title='bbox 916 4134 1044 4195; x_wconf 64' lang='lat' dir='ltr'>prolique</span> <span class='ocrx_word' id='word_1_390' title='bbox 1057 4132 1092 4181; x_wconf 78' lang='lat' dir='ltr'>los</span> <span class='ocrx_word' id='word_1_391' title='bbox 1101 4132 1159 4192; x_wconf 81' lang='lat' dir='ltr'>plus</span> <span class='ocrx_word' id='word_1_392' title='bbox 1170 4131 1217 4175; x_wconf 88' lang='lat' dir='ltr'>im-</span> 
     </span>
     <span class='ocr_line' id='line_1_42' title="bbox 71 4203 675 4273; baseline 0.002 -15"><span class='ocrx_word' id='word_1_393' title='bbox 71 4216 198 4270; x_wconf 72' lang='lat' dir='ltr'>portantes</span> <span class='ocrx_word' id='word_1_394' title='bbox 209 4213 238 4258; x_wconf 87' lang='lat' dir='ltr'>de</span> <span class='ocrx_word' id='word_1_395' title='bbox 249 4203 350 4273; x_wconf 72' lang='lat' dir='ltr'>t’hqttre</span> <span class='ocrx_word' id='word_1_396' title='bbox 358 4211 509 4272; x_wconf 79' lang='lat' dir='ltr'>calholiquc,</span> <span class='ocrx_word' id='word_1_397' title='bbox 524 4209 557 4258; x_wconf 75' lang='lat'>11⁸</span> <span class='ocrx_word' id='word_1_398' title='bbox 573 4211 675 4273; x_wconf 73' lang='lat' dir='ltr'>Conse&#39;r.</span> 
     </span>
     <span class='ocr_line' id='line_1_43' title="bbox 107 4292 639 4354; baseline 0 -16"><span class='ocrx_word' id='word_1_399' title='bbox 107 4293 149 4354; x_wconf 71' lang='lat'>(21</span> <span class='ocrx_word' id='word_1_400' title='bbox 171 4294 204 4340; x_wconf 82' lang='lat' dir='ltr'>Dc</span> <span class='ocrx_word' id='word_1_401' title='bbox 216 4293 323 4342; x_wconf 83' lang='lat' dir='ltr'>utilitate</span> <span class='ocrx_word' id='word_1_402' title='bbox 334 4293 462 4351; x_wconf 77' lang='lat' dir='ltr'>credendi,</span> <span class='ocrx_word' id='word_1_403' title='bbox 479 4307 500 4340; x_wconf 89' lang='lat' dir='ltr'>c.</span> <span class='ocrx_word' id='word_1_404' title='bbox 513 4292 587 4353; x_wconf 76' lang='lat' dir='ltr'>X,u.</span> <span class='ocrx_word' id='word_1_405' title='bbox 600 4296 639 4340; x_wconf 71' lang='lat' dir='ltr'>at.</span> 
     </span>
    </p>
   </div>
   <div class='ocr_carea' id='block_1_4' title="bbox 0 0 1589 5160">
    <p class='ocr_par' dir='ltr' id='par_1_10' title="bbox 0 0 1589 5160">
     <span class='ocr_line' id='line_1_44' title="bbox 0 0 1589 5160; baseline 0 0"><span class='ocrx_word' id='word_1_406' title='bbox 0 0 1589 5160; x_wconf 95' lang='lat' dir='ltr'> </span> 
     </span>
    </p>
   </div>
  </div>
 </body>
</html>
