3150 5160
357 351 397 410 26
776 359 1085 405 rurnnsanosromcr.

354 511 497 567 voluntate
509 510 580 581 ejus.
594 509 720 566 Mandata
731 507 834 579 quippe
846 506 1029 578 accipientes
1043 515 1071 564 et
1084 521 1133 580 per
1146 508 1377 567 resurrectionem
1392 510 1502 568 Domini

355 599 445 656 nostri
468 601 533 657 Jcsu
552 599 655 655 Christi
685 598 765 669 plena
785 594 951 650 certitudine
969 594 1079 660 imbuti,
1101 596 1204 667 Deique
1229 598 1314 653 verbo
1332 599 1502 666 confirmati,

356 705 419 744 cum
441 698 516 745 certa
534 689 654 761 Spiritus
673 687 765 744 Sancti
786 685 886 741 fiducia
905 685 1010 758 egressi
1029 695 1109 752 sunt,
1129 688 1329 745 annunciantes
1351 691 1428 765 regni
1451 691 1503 746 Dei

356 780 513 834 adventum.
535 781 589 836 Per
608 779 735 852 regiones
754 779 839 853 igitur
858 787 886 834 ct
907 779 991 834 urbes
1011 780 1127 834 terbum
1149 779 1343 852 praedicantes,
1364 783 1505 853 primitias

356 886 470 937 eorum,
493 871 593 942 spiritu
616 870 783 941 probantes,
806 869 950 940 episcopos
973 877 1001 924 et
1024 869 1156 925 diaconos
1178 885 1273 926 eorum
1298 871 1345 942 qui
1368 872 1504 928 credituri

356 970 448 1026 erant,
468 961 673 1017 constituerunt
693 956 781 1032 (1).»

393 1049 498 1105 Deinde
513 1065 572 1121 cap.
589 1050 626 1104 la
645 1057 772 1105 enarrato
793 1048 874 1105 modo
891 1065 945 1120 quo
963 1049 1086 1123 Moyses,
1104 1050 1258 1122 inspirante
1275 1052 1345 1118 Deo,
1363 1050 1504 1108 Aaronem

357 1155 497 1196 summum
516 1139 687 1195 sacerdotem
705 1139 843 1206 instituit,
863 1139 901 1194 ita
920 1140 1011 1213 pergit
1029 1156 1089 1212 cap.
1111 1142 1147 1196 ll
1168 1142 1252 1198 :uEt
1269 1142 1393 1215 Apostoli
1415 1144 1506 1201 nostri

357 1245 407 1301 per
426 1229 521 1286 Jesum
542 1226 683 1283 Christum
703 1229 851 1286 Dominum
869 1238 995 1285 nostrum
1019 1240 1219 1304 cognoverunt,
1240 1233 1445 1290 contentionem
1468 1235 1505 1291 dc

358 1318 470 1376 nomine
491 1319 666 1390 episcopatus
689 1319 858 1375 oborituram
879 1335 886 1374 :
906 1328 989 1390 atque
1008 1321 1043 1375 ob
1063 1322 1134 1376 hanc
1153 1336 1263 1376 causam
1287 1321 1407 1393 perfecta
1430 1340 1505 1395 pran-

358 1409 474 1466 scientia
504 1409 631 1480 praediti,
659 1409 862 1465 constituerunt
890 1409 1055 1480 praedictos,
1080 1426 1112 1466 ac
1140 1411 1271 1483 deinceps
1298 1413 1504 1469 ordinationem

357 1500 509 1564 dederunt,
526 1509 555 1554 ut
568 1500 597 1554 in
610 1499 802 1555 destructorum
817 1500 907 1556 locum
921 1500 968 1554 alii
984 1501 1037 1555 viri
1051 1502 1157 1572 probati
1171 1503 1332 1566 succedere,
1346 1511 1375 1559 et
1389 1502 1504 1558 illorum

358 1590 453 1644 munia
470 1589 567 1661 exequi
586 1598 708 1661 possent.
726 1589 897 1646 Constitutos
915 1591 1007 1662 itaque
1024 1593 1058 1647 ab
1075 1592 1145 1656 illis,
1168 1592 1211 1647 vel
1229 1592 1360 1662 deinceps
1379 1592 1413 1646 ab
1438 1593 1504 1648 aliis

357 1681 426 1737 viris
447 1681 621 1747 celebribus,
645 1696 708 1735 cum
736 1695 872 1736 consensu
900 1681 1037 1738 universe
1065 1682 1204 1748 ecclesiae,
1228 1683 1330 1754 quique
1362 1682 1506 1754 inculpate

356 1772 421 1828 ovili
441 1771 544 1827 Christi
561 1771 753 1827 deservierunt
770 1785 834 1825 cum
855 1770 1025 1836 humilitate,
1042 1773 1150 1842 quiete,
1167 1781 1195 1827 et
1210 1772 1314 1843 absque
1331 1772 1406 1828 omni
1421 1772 1507 1828 sorde

355 1872 384 1920 et
407 1861 594 1934 turpitudine,
621 1868 649 1916 et
673 1861 754 1934 longo
777 1869 900 1931 tempore
922 1861 956 1915 ab
977 1862 1106 1918 omnihus
1125 1862 1315 1918 testimonium
1338 1862 1505 1933 praeclarum

356 1960 531 2024 reportarunt
545 1948 608 2025 (d),
622 1950 674 2006 hos
693 1966 748 2005 nou
767 1951 827 2004 sine
846 1950 948 2021 injuria
969 1967 1083 2007 munere
1102 1953 1146 2008 vel
1167 1951 1256 2008 cilicio
1275 1967 1327 2007 suo
1343 1951 1407 2006 exui
1426 1952 1505 2007 exis-

356 2043 496 2098 timamus.
513 2041 573 2097 Non
592 2040 666 2095 enim
685 2040 782 2095 leviter
798 2038 989 2109 peccabimus,
1004 2039 1028 2094 si
1044 2055 1107 2105 eos,
1121 2040 1169 2110 qui
1183 2049 1278 2096 sancte
1291 2050 1319 2095 et
1332 2040 1393 2096 sine
1405 2056 1506 2113 reprc-

355 2132 490 2188 hensioue
503 2130 623 2187 offerunt
638 2145 767 2194 munera,
781 2128 941 2200 episcopatu
954 2129 1082 2200 ejicimus
1101 2129 1158 2203 ld).
1172 2150 1186 2183 n

392 2223 427 2277 lit
444 2220 560 2294 gradum
580 2220 636 2291 jam
660 2221 760 2276 sistere
780 2220 862 2275 liceat
876 2235 882 2273 :
898 2220 959 2274 haec
976 2220 1051 2275 euim
1074 2236 1136 2291 quae
1154 2221 1289 2276 hactenus
1310 2237 1344 2277 ex
1359 2219 1506 2278 Clemente

357 2312 539 2368 excitavimus
555 2312 614 2367 loca
633 2310 701 2365 satis
719 2325 857 2381 superque
873 2308 1005 2364 exhibent
1018 2324 1078 2364 eam
1094 2325 1177 2381 quam
1190 2309 1224 2365 de
1238 2311 1380 2383 religionis
1396 2313 1508 2370 ratione

357 2416 390 2456 ac
403 2400 532 2457 methodo
551 2409 610 2455 tum
627 2399 687 2471 ipse
703 2408 762 2454 tum
783 2399 882 2468 reliqui
896 2409 970 2455 certe
987 2399 1132 2455 christiani
1145 2410 1212 2456 tunc
1225 2402 1359 2473 temporis
1373 2403 1508 2460 tenebant

357 2491 520 2547 doctrinam.
538 2490 617 2558 Quod
637 2491 660 2546 si
676 2505 752 2545 nuuc
770 2505 824 2546 uno
834 2500 983 2561 conspectu
1002 2490 1137 2563 principia
1151 2507 1212 2562 quae
1228 2491 1309 2548 modo
1322 2492 1508 2553 audiebamus

358 2580 593 2653 comprehendere
606 2579 742 2646 volueris,
757 2581 809 2635 hoc
821 2596 891 2651 pene
904 2581 984 2637 modo
998 2581 1024 2636 id
1039 2596 1119 2654 agere
1132 2582 1246 2653 poteris.

405 2673 530 2728 Primum
555 2670 667 2742 quidem
693 2671 722 2725 in
747 2671 910 2725 universum
935 2671 1032 2726 statuit
1055 2671 1183 2727 Clemens
1207 2672 1364 2729 arctissimo
1387 2673 1507 2732 unitatis

356 2762 469 2819 vinculo
493 2762 567 2817 inter
593 2777 623 2817 se
648 2761 772 2834 colligari
800 2762 908 2834 singula
931 2761 1060 2818 Ecclesiae
1084 2761 1188 2818 Christi
1213 2764 1354 2830 membra,
1378 2763 1509 2836 hancque

357 2853 492 2909 unitatem
511 2867 545 2908 eo
563 2860 672 2906 tantum
692 2861 772 2922 pacto
792 2860 867 2907 stare
886 2867 980 2923 posse,
1000 2862 1032 2908 ut
1050 2851 1147 2909 fideles
1166 2852 1290 2908 universi
1313 2854 1507 2912 sacerdotibus

358 2958 390 2997 ac
403 2943 532 3014 episcopo
545 2942 618 2997 circa
627 2943 719 2998 omnia
733 2959 795 3014 quae
806 2942 950 3016 religionis
963 2951 1028 2999 sunt
1042 2943 1234 3014 subjiciantur.
1243 2941 1321 3009 Quod
1336 2950 1366 2997 ut
1381 2943 1507 3002 illustret

358 3041 467 3097 auctor,
483 3032 638 3103 exemplum
653 3032 732 3087 affert
744 3033 858 3088 ductum
872 3048 906 3088 ex
919 3031 1074 3088 hierarchia
1086 3048 1148 3103 quae
1161 3033 1213 3088 sub
1227 3033 1313 3088 veteri
1325 3034 1507 3093 Testameuto

359 3122 509 3190 existebam
523 3121 623 3177 deinde
634 3137 699 3179 vero
712 3121 845 3178 historice
854 3130 963 3178 enarrat
974 3120 1086 3177 modum
1097 3137 1152 3193 quo
1162 3121 1290 3179 Christus
1300 3122 1460 3194 Apostolos,
1475 3127 1505 3181 hi

389 3285 431 3351 (t)
450 3288 477 3337 C.
489 3285 530 3335 la.
544 3301 558 3335 u
573 3283 596 3334 οἱ
610 3283 747 3334 ἀποστολοι
763 3282 821 3351 ἧμιν
835 3283 1042 3351 ἐυηγγελισθησαν
1060 3300 1110 3333 arro
1122 3289 1166 3334 τοῦ
1184 3282 1280 3352 Κυριου
1293 3280 1369 3338 locon
1380 3283 1507 3353 Χριστοῦ,

355 3365 485 3435 Ἰησουςῧὸ
505 3366 617 3437 Χριστος
628 3384 679 3418 atro
696 3372 740 3418 τοῦ
757 3369 827 3417 Jecu-
842 3365 991 3434 Εξεπεμφθη
1008 3364 1021 3414 ὸ
1038 3364 1149 3433 Χριστος
1171 3384 1212 3416 ουν
1231 3383 1281 3415 απο
1302 3371 1347 3416 τοῦ
1365 3368 1438 3426 beno,
1461 3384 1507 3416 και

355 3449 380 3501 οὶ
397 3449 534 3501 ἀποστολοι
551 3466 601 3500 απο
623 3455 667 3500 τοῦ
687 3448 846 3518 Χριστοῦ...
859 3481 882 3494 ··
899 3447 978 3501 Koara
995 3465 1079 3516 χωρας
1103 3465 1144 3498 ουν
1165 3463 1208 3497 και
1226 3453 1307 3506 roiate
1327 3465 1505 3516 κηρυσσοντες,

353 3534 507 3581 subteranos
523 3548 568 3590 τας
589 3530 707 3599 ἀπαρχας
721 3529 817 3590 αὐτων,
836 3528 1020 3597 δοκιμασαντες
1037 3548 1072 3595 τῳ
1091 3546 1224 3598 aucupata,
1247 3529 1281 3589 εἰς
1296 3530 1443 3590 detractore
1460 3551 1507 3582 και

354 3605 486 3670 διακονους
502 3631 550 3662 των
565 3617 702 3678 μελλοντων
715 3628 844 3663 πιστευειν.
859 3631 873 3663 ))

389 3695 437 3759 (2)
449 3695 493 3744 llis
509 3695 596 3745 verbis
612 3695 637 3744 S.
652 3694 769 3744 Clemens
784 3693 867 3745 voluit
882 3693 1002 3745 laudibus
1018 3693 1107 3745 efferre
1125 3710 1166 3746 eos
1184 3694 1230 3762 qui
1248 3695 1277 3746 in
1292 3695 1397 3746 ecclesia
1411 3696 1505 3748 Corin-

355 3775 469 3828 thiorum
481 3793 551 3828 sacra
568 3776 701 3844 pollebant
713 3776 876 3838 auctoritate,
888 3792 1003 3843 quosque
1017 3776 1171 3828 schismatici
1183 3777 1214 3828 de
1230 3777 1285 3828 loco
1297 3775 1405 3844 dejicere
1419 3778 1505 3831 moliti

355 3856 467 3908 suerent.

389 3940 431 4005 (5)
450 3937 528 3991 «Kar
541 3939 566 3991 οἱ
582 3939 720 3991 ἀποστολοι
734 3939 804 4006 ἡμῶν
822 3941 931 4008 ἔγνωσαν
950 3932 993 3988 δια
1013 3946 1057 3990 τοῦ
1073 3941 1162 4009 Knpton
1177 3939 1248 4006 ἡμῶν
1264 3937 1351 3994 'lacon
1373 3936 1504 4005 Χριστοῦ,

357 4017 394 4067 ὅτι
412 4035 457 4086 ιρις
474 4035 541 4069 toret
559 4021 596 4069 ἐπι
611 4026 655 4072 τοῦ
673 4039 796 4088 ονοματος
815 4025 858 4082 τῆς
878 4023 1022 4081 detexeret<-
1035 4021 1086 4075 Δια
1107 4038 1198 4076 ταυτην
1219 4026 1262 4071 οὖν
1282 4021 1326 4075 τὴν
1342 4037 1424 4071 cirtae
1445 4039 1506 4090 προ·

356 4116 446 4168 γνωσιν
464 4101 590 4170 altapetra
613 4107 722 4164 τελειαν,
745 4121 901 4160 cattorosco
919 4123 976 4163 τους
998 4121 1199 4172 προειρημενους,
1221 4120 1265 4152 και
1278 4103 1368 4170 porciu
1383 4103 1505 4170 ἐπῑνομην

356 4174 512 4246 deduxerum,
531 4183 599 4243 ὁπως
619 4185 661 4235 icta
678 4190 842 4253 κοιμηθῶσιν,
860 4179 1023 4249 διαδεξωνται
1039 4186 1114 4253 irapot
1128 4178 1336 4253 δεδοκιμασμενοι
1354 4177 1439 4254 ἀνδρες
1458 4205 1504 4240 την

357 4271 508 4334 λειτουργιαν
525 4267 667 4318 odedu...
682 4286 695 4319 ))
711 4285 732 4318 e.
746 4270 785 4319 ll.
