3150 5160
648 635 828 723 anille
857 636 1172 725 adelbaldo.

368 943 490 1005 hiethodi
503 942 647 1001 historiam
660 957 711 1016 per
719 942 922 1014 subsequentes
932 952 1027 1000 entes
1039 941 1075 999 ad
1084 941 1239 1000 huthernm
1252 957 1341 1016 usque
1352 945 1486 1016 persequi

341 1036 508 1109 potuissem
522 1043 552 1091 at
567 1033 638 1091 nihil
651 1034 709 1091 iere
721 1032 851 1091 utilitatis
863 1033 904 1090 rei
917 1032 1035 1106 inceptae
1047 1032 1220 1090 illustrandae
1231 1032 1297 1090 inde
1306 1035 1486 1093 accessisset.

340 1125 420 1196 Quod
432 1125 507 1183 enim
521 1124 621 1182 attinet
633 1123 668 1181 ad
683 1123 899 1182 controversiam
912 1139 974 1195 qnae
986 1138 1037 1180 nos
1048 1122 1122 1180 inter
1134 1130 1162 1179 et
1176 1131 1361 1194 protestantes
1374 1124 1485 1198 agitur,

340 1233 373 1276 ca
388 1216 509 1290 proiecto
525 1231 699 1288 nequaqnam
715 1214 781 1271 hine
794 1214 951 1286 juvenetum
968 1211 1121 1271 adversarii
1137 1212 1241 1286 quippe
1262 1212 1403 1272 libentiori
1422 1215 1487 1271 ani·

340 1322 386 1364 mo
404 1307 561 1364 concedunt
578 1305 718 1378 sequiori,
734 1314 763 1361 et
779 1303 921 1375 inprimis
939 1303 1030 1361 mellic
1048 1319 1122 1371 aevo,
1137 1303 1311 1360 anmeritatis
1323 1303 1398 1360 dam
1410 1303 1489 1362 inter

340 1396 510 1456 christianos
525 1395 692 1462 invaluisse,
710 1402 739 1451 et
756 1394 859 1452 idcirce
876 1394 1031 1466 primorum
1047 1393 1240 1451 tantummodo
1257 1395 1425 1451 seculorum
1440 1411 1487 1453 re·

339 1485 472 1560 ligionem
490 1486 519 1542 in
535 1485 581 1543 snl
599 1485 783 1557 patrocinium
801 1486 938 1544 advocant
955 1501 963 1542 r
980 1493 1149 1558 quapropter
1167 1501 1202 1542 ex
1223 1500 1256 1542 ee
1274 1486 1366 1559 capite
1389 1486 1420 1543 in
1438 1486 1489 1545 bis

340 1574 421 1632 nobis
445 1574 603 1632 constitisse
626 1574 715 1632 licuit.
734 1573 829 1647 Neque
849 1590 915 1633 vero
940 1575 1087 1634 seientiam
1114 1575 1313 1650 theologicam,
1343 1576 1419 1649 qued
1440 1585 1486 1634 est

339 1662 458 1736 hujusce
472 1665 669 1737 disputationis
687 1666 805 1723 alterum
824 1675 920 1738 caput,
940 1667 1059 1723 multum
1079 1666 1203 1738 jurasset
1222 1666 1341 1725 ulterior
1358 1666 1489 1725 historiae

339 1754 462 1813 methodi
475 1755 627 1830 indagatio;
640 1755 670 1811 in
688 1756 804 1828 reliquis
819 1757 907 1826 enim,
920 1772 983 1830 quae
997 1757 1159 1824 emisimus,
1174 1755 1298 1824 saeculis,
1313 1755 1379 1812 hnic
1392 1770 1488 1828 quaes-

339 1844 410 1903 tioni
431 1846 553 1922 generali
574 1845 751 1904 enucleandae
773 1847 867 1904 minus
889 1847 1041 1905 incubuere
1063 1845 1201 1920 theologi,
1225 1844 1274 1902 sed
1296 1844 1487 1916 peculiaribus

339 1934 514 2010 dogmatibus
533 1936 703 2009 explicandis
721 1937 765 1994 vel
787 1937 870 1994 etiam
893 1937 1054 1995 christianes
1076 1936 1220 2011 religionis
1241 1935 1387 2008 principiis
1404 1936 1488 1994 theo·

339 2026 435 2084 retieis
457 2027 617 2085 evolvendis
634 2025 869 2099 defendendisque
890 2027 1028 2101 praecipue
1046 2042 1158 2100 operam
1180 2025 1290 2084 dedere.
1313 2024 1379 2082 Haec
1399 2025 1490 2100 igitur

339 2117 442 2176 saeenla
459 2117 528 2176 citra
544 2117 676 2175 damnum
695 2118 807 2175 mittere
826 2133 985 2190 pessumus.

377 2208 409 2265 ln
427 2208 573 2282 praesentia
587 2223 654 2266 vero
671 2207 706 2265 ad
724 2207 914 2280 exponendam
931 2207 1062 2266 Ecclesia
1075 2205 1218 2264 mtholieae
1235 2204 1410 2273 doctrinam,
1428 2220 1488 2278 qno

337 2307 462 2371 tempore
474 2306 659 2371 protestantes
674 2299 710 2355 ab
724 2314 757 2354 ea
770 2296 943 2368 deiecerunt,
956 2299 1147 2374 aggredimur,
1161 2312 1225 2356 mox
1241 2296 1367 2369 ipserum
1384 2295 1488 2354 adver·

339 2388 478 2446 sariorum
500 2388 636 2462 principia
658 2389 799 2457 tradituri,
821 2398 852 2446 nt
871 2390 948 2447 velut
968 2404 984 2446 e
1004 2389 1118 2463 regione
1136 2386 1287 2444 constitute
1307 2385 1487 2458 conspiciens

340 2478 487 2551 utriusque
499 2478 586 2552 partis
597 2478 720 2547 decreta,
737 2479 815 2537 nulle
825 2479 968 2539 molimine
984 2478 1111 2553 iudicare
1124 2477 1242 2550 pessisa
1256 2476 1358 2550 quihus
1370 2477 1487 2535 tandem

339 2569 466 2642 partibus
482 2579 556 2627 stent
573 2569 721 2638 Christus,
738 2570 881 2643 Apostoli,
893 2571 1008 2638 Patres,
1026 2567 1158 2626 Concilia.
1171 2568 1232 2623 iam
1245 2564 1359 2638 quidem
1377 2566 1407 2622 in
1420 2565 1487 2623 uni-

340 2672 452 2716 versnm
464 2668 560 2717 notum
573 2669 617 2717 est
626 2677 688 2733 quae
699 2660 911 2727 catholicorum,
924 2676 986 2733 quae
995 2657 1210 2732 protestantium
1225 2656 1263 2714 sit
1279 2655 1443 2723 methodus;
1454 2666 1487 2714 at

340 2746 449 2822 plenior
457 2758 550 2807 tamen
568 2761 653 2823 atque
667 2749 772 2807 firmior
783 2749 837 2807 erit
849 2751 992 2817 tractatio,
1002 2749 1027 2808 si
1039 2749 1117 2806 illam
1130 2747 1177 2804 hie
1186 2747 1363 2820 exploratieri
1376 2747 1488 2805 ratione

341 2839 436 2912 paucis
444 2839 685 2901 delinearerimus.
694 2839 736 2899 Ab
747 2839 880 2898 Ecclesia
892 2841 1036 2900 catholicae
1044 2838 1171 2898 doctrina
1184 2838 1328 2899 exordium
1343 2838 1485 2897 ducimus.

816 3083 956 3168 olent
982 3084 1013 3166 Ι.

628 3304 805 3364 ECCLESIAE
822 3304 1031 3364 conflantem
1050 3303 1206 3363 ROMANAE

664 3496 698 3536 DE
716 3494 864 3537 nnttdtonls
882 3493 1006 3536 nerbono
1024 3493 1163 3535 bectantia,

378 3681 438 3740 buo
456 3682 514 3748 hie,
538 3690 570 3751 ut
584 3682 687 3755 saepius
705 3681 811 3741 dietum
831 3691 888 3751 est,
905 3681 1109 3754 inquiruntur:
1124 3690 1219 3739 utrum
1238 3697 1316 3739 saera
1337 3682 1481 3756 Scriptura

342 3769 381 3828 sit
400 3769 463 3828 iens
474 3769 618 3845 religionis
637 3772 750 3841 uniens,
763 3774 808 3831 vel
822 3773 967 3839 universe,
982 3771 1030 3845 qni
1048 3771 1200 3829 christiano
1221 3771 1328 3829 homini
1349 3771 1484 3830 doctrinae

341 3858 433 3917 lentes
448 3860 505 3917 sint
522 3862 657 3932 habendi;
676 3872 705 3920 et
720 3880 802 3936 porro
822 3878 859 3920 an
881 3878 937 3920 non
954 3871 1029 3920 extet
1044 3862 1195 3919 aucteritas
1214 3863 1340 3936 quaedam
1354 3880 1482 3933 summa,

340 3949 378 4007 ad
390 3949 471 4023 cujus
486 3966 611 4009 normam
626 3953 814 4027 expendendae
823 3954 881 4011 sint
895 3953 1102 4027 Scripturarum
1114 3952 1372 4026 interpretationes,
1385 3955 1482 4029 cujus·

341 4057 397 4116 qne
412 4041 534 4100 decretis
548 4041 579 4098 in
597 4043 727 4102 omnibns
747 4060 811 4118 quae
829 4043 866 4102 ad
886 4043 969 4102 fidem
987 4052 1015 4100 et
1033 4058 1126 4101 mores
1143 4053 1271 4116 spectant
1287 4045 1326 4102 sit
1341 4046 1484 4121 obtempe-

341 4130 477 4190 randum?
486 4131 610 4191 Priorem
620 4135 803 4208 quaestionem
812 4135 848 4194 ad
860 4135 937 4193 hune
945 4133 1059 4193 modum
1071 4133 1154 4191 solvit
1166 4133 1328 4193 Tridentina
1340 4136 1482 4210 synodus:

343 4221 549 4284 «sacrosancta
571 4225 744 4286 oecnmenica
767 4237 796 4286 et
816 4225 954 4303 generalis
972 4224 1134 4285 Tridentino
1150 4225 1297 4300 synodus..
1309 4269 1333 4285 ..
1354 4228 1408 4287 hoc
1428 4226 1482 4286 sibi
