3150 5160
374 387 399 430 s.
423 385 580 441 ranarius,
603 386 778 431 anrrocmh
799 385 966 431 nrisooros.
1198 375 1234 433 51

91 548 194 605 nempe
218 547 273 588 non
295 531 414 602 amplius
434 547 498 589 curn
520 531 662 603 episcopo,
681 532 805 604 adeoque
823 546 875 587 nec
893 547 957 587 cum
979 530 1089 589 Christo
1108 549 1159 590 nec
1176 550 1238 591 cum

91 629 149 684 Deo
166 628 247 683 Patre
262 625 373 681 sentiat.
393 625 439 681 Sic
457 640 505 680 eos
524 623 623 680 affatur
638 640 645 679 :
660 644 673 677 n
686 624 749 680 Filii
767 624 859 695 itaque
876 623 946 681 lucis
962 633 990 680 et
1006 625 1144 693 veritatis,
1156 625 1241 702 fugite

93 719 256 773 divisionem
277 725 305 771 et
324 733 428 786 procos
452 717 601 770 doctrinas.
626 714 678 770 Ubi
701 722 793 769 autem
816 722 910 785 pastor
932 723 988 780 est,
1009 715 1105 771 codem
1128 725 1158 773 ut
1176 734 1242 774 oves

93 807 291 880 sequamini...
304 805 449 862 Abstinete
462 804 496 859 ab
510 803 605 859 herbis
619 803 726 868 noxiis,
741 819 810 874 quas
823 803 903 859 iosus
917 802 1045 859 Christus
1059 821 1115 860 non
1128 808 1240 872 excolit,

93 898 160 969 quia
174 913 229 953 non
246 905 311 952 suut
325 894 458 966 plantatio
472 894 573 949 Patris.
587 893 648 950 Nou
660 894 733 964 quod
742 893 815 964 apud
828 909 877 949 ros
891 893 1056 949 divisionem
1071 895 1241 964 invenerim,

93 987 144 1043 scd
163 987 372 1043 excolationem.
395 985 530 1057 Quotquot
549 987 621 1040 attint
640 985 689 1039 liei
708 990 731 1039 et
749 985 813 1039 Jcsa
833 983 936 1039 Christi
954 991 1030 1049 sant,
1049 987 1079 1039 hi
1095 992 1160 1041 sant
1180 1005 1243 1044 cam

95 1079 219 1148 episcopo
243 1074 339 1150 (rides
360 1075 591 1146 quemadmodum
608 1074 688 1131 docet
711 1090 758 1130 eos
781 1083 812 1131 ut
830 1074 928 1130 salutis
946 1075 1094 1147 participes
1112 1094 1130 1131 a
1148 1080 1243 1148 priori

95 1184 159 1224 esse
174 1168 315 1223 habendos
327 1181 429 1236 eosque
446 1175 551 1221 tantum
567 1166 614 1237 qui
628 1175 694 1221 sunt
706 1181 769 1220 cum
784 1165 926 1237 episcopo,
940 1180 989 1221 seu
1007 1181 1069 1221 oum
1088 1167 1240 1243 Ecclesia).

95 1257 238 1329 Quotquot
263 1267 355 1312 autem
377 1256 540 1328 poenitentia
565 1255 640 1312 ducti
664 1255 798 1311 redierint
819 1255 854 1310 ad
881 1256 1015 1310 unitatem
1037 1254 1159 1312 Ecclesia
1187 1255 1242 1331 (en

95 1348 219 1406 conditio
238 1344 474 1420 necessaria),et
495 1347 542 1402 isti
564 1347 612 1402 Dei
635 1354 732 1411 erunt,
757 1355 788 1400 ut
810 1344 962 1400 secundum
984 1345 1078 1400 Jesum
1100 1345 1242 1404 Christum

95 1441 201 1495 vivant.
224 1439 264 1494 Ne
287 1437 404 1502 erretis,
430 1437 529 1492 iratres
551 1436 615 1492 mei.
637 1436 668 1493 Si
690 1436 752 1505 qais
777 1436 925 1490 schismata
950 1435 1092 1502 facientem
1112 1442 1243 1505 sectator,

96 1529 179 1602 reqni
198 1529 247 1583 Dei
264 1529 449 1582 hereditatem
464 1542 519 1581 non
534 1527 716 1599 consequitur.
733 1524 837 1595 Siquis
853 1527 885 1579 in
897 1527 989 1581 aliena
1005 1530 1137 1583 sententia
1148 1529 1246 1585 amba·

97 1621 149 1687 lot,
170 1620 220 1674 iste
238 1619 364 1689 passioni
382 1634 439 1673 non
454 1617 594 1672 consentit.
612 1615 729 1688 Operam
750 1616 834 1688 igitur
849 1615 934 1683 detis,
951 1626 982 1673 ut
998 1634 1053 1673 una
1070 1619 1244 1677 Eucharistia

97 1710 228 1766 utamini.
247 1708 306 1764 Una
323 1707 397 1763 enim
414 1716 456 1763 est
473 1721 536 1761 caro
554 1706 663 1762 Domini
680 1707 768 1762 nostri
783 1706 849 1763 Jesu
866 1706 983 1773 Christi,
995 1717 1023 1763 et
1040 1725 1113 1764 unus
1128 1710 1198 1765 calix
1214 1710 1244 1766 in

99 1801 236 1856 unitatem
263 1798 409 1872 sanguinis
432 1796 539 1868 ipsius3
563 1812 648 1851 unum
673 1797 775 1862 altare,
800 1796 872 1852 sicut
899 1813 973 1853 unus
997 1798 1158 1870 episcopus,
1181 1817 1245 1856 cum

99 1889 272 1962 presbyterio
289 1897 316 1944 et
333 1886 457 1943 diaconis
474 1887 614 1943 conservis
632 1887 716 1954 meis,
732 1896 763 1942 ut
778 1887 851 1958 quod
869 1885 973 1955 facitis
992 1889 1143 1945 secundum
1158 1891 1245 1946 Deum

98 1982 208 2037 faciatis
228 1979 314 2055 (l).»

137 2075 176 2129 Ea
196 2071 318 2144 proiecto
336 2067 475 2142 apertIora
494 2083 526 2123 ac
545 2067 721 2140 explicatiora
742 2077 808 2124 sunt
826 2084 907 2139 quam
929 2077 961 2124 ut
983 2069 1103 2126 uberiori
1122 2071 1247 2128 oratione

100 2171 209 2235 egeant.
231 2161 260 2217 ld
281 2162 338 2235 jam
362 2167 469 2215 certum
489 2159 716 2230 exploratumque
733 2167 787 2222 est,
809 2174 843 2214 cx
864 2159 961 2232 ignatii
982 2161 1117 2216 sententia
1139 2170 1247 2219 tantum

100 2254 201 2308 abesse
224 2262 274 2319 ut,
299 2251 373 2323 quod
397 2249 475 2304 aiunt
498 2256 701 2320 protestantes,
723 2247 826 2305 Christi
848 2249 944 2323 religio
968 2249 1102 2321 cujusque
1126 2250 1247 2308 bominis

99 2341 201 2414 privati
221 2340 380 2413 Scripturas
399 2340 607 2411 interpretantis
621 2338 726 2410 judicio
743 2339 779 2395 sit
795 2339 946 2411 permissa,
961 2349 1097 2396 utcontra
1114 2351 1247 2414 perpetuo

98 2435 197 2490 doceat
210 2432 248 2488 ibi
264 2442 373 2489 tantum
390 2446 452 2487 esse
467 2446 562 2486 reram
578 2430 729 2485 doctrinam
744 2438 771 2485 et
785 2429 903 2485 salutem
918 2431 964 2485 ubi
982 2440 1024 2486 est
1040 2432 1185 2504 episcopus
1196 2448 1246 2488 seu

98 2524 236 2589 Ecclesia,
251 2533 278 2580 et
295 2539 327 2580 eo
342 2523 402 2594 ipso
420 2531 559 2592 tamquam
577 2520 675 2576 falsam
691 2529 718 2575 et
735 2519 846 2576 Christo
863 2521 1016 2591 oppositam
1035 2521 1134 2577 haheat
1150 2536 1247 2577 eorum

98 2612 267 2677 doctrinam,
284 2613 331 2683 qui
350 2627 414 2666 oum
434 2611 563 2683 episcopo
581 2627 637 2666 non
652 2610 830 2666 consentiunt
848 2611 1052 2682 :nequeenim
1071 2611 1138 2666 sinit
1155 2613 1199 2666 rel
1217 2611 1247 2666 in

99 2702 223 2757 medium
244 2701 336 2757 vocari
361 2700 488 2772 dogmata
507 2715 603 2756 eorum
622 2701 669 2770 qui
689 2708 766 2754 extra
789 2700 939 2755 Ecclesiam
962 2709 1123 2766 versantur;
1144 2699 1172 2754 id
1192 2700 1246 2770 ipsi

99 2791 169 2848 satis
192 2800 252 2857 est,
275 2792 327 2845 hos
347 2789 381 2843 ab
410 2788 541 2843 Ecclesiae
568 2790 685 2844 ducibus
706 2789 874 2854 dissentire3
898 2779 1010 2860 propter
1034 2789 1105 2843 hano
1128 2804 1248 2860 namque

100 2879 238 2935 rationem
252 2877 409 2935 necessario
428 2892 536 2948 quoque
549 2892 565 2930 a
578 2877 636 2931 veri
650 2878 760 2933 tramite
770 2893 819 2933 eos
831 2880 968 2934 aberrare.
981 2879 1021 2934 Ex
1034 2880 1137 2951 ignatio
1154 2889 1247 2935 autom

101 2969 235 3025 Ecclesiae
257 2967 448 3042 magisterium
466 2983 606 3038 nunquam
632 2965 753 3034 fallitur,
776 2967 879 3039 quippe
901 2968 973 3040 quod
995 2970 1070 3025 vices
1092 2970 1140 3026 bei
1162 2971 1246 3044 gerit,

99 3059 224 3129 adeoque
243 3068 271 3114 et
290 3057 393 3114 Christi
413 3067 440 3113 et
460 3057 509 3113 liei
527 3058 617 3113 Patris
636 3073 689 3114 vor
708 3066 735 3112 et
758 3073 789 3114 os
812 3059 974 3131 dicipotest.
994 3060 1034 3115 Er
1052 3061 1099 3116 illa
1117 3062 1247 3119 Ecclesiae

99 3151 298 3218 infallibilitate
320 3158 472 3221 perpetuo,
497 3157 528 3202 ut
548 3148 688 3215 vidimus,
708 3158 932 3221 argumentatum
956 3167 1093 3222 nusquam
1115 3153 1190 3208 enim
1211 3153 1247 3209 de

99 3243 162 3314 ejus
188 3241 319 3297 doetrinae
344 3239 461 3296 veritate
487 3237 604 3294 dubium
627 3238 731 3294 moveri
755 3239 832 3294 sinit.
859 3240 996 3296 Caeterum
1022 3243 1092 3298 hanc
1116 3242 1247 3299 Ecclesiae

99 3333 192 3390 dotem
211 3330 352 3403 conceptis
373 3329 466 3387 verbis
488 3327 567 3384 effert
589 3328 618 3383 in
639 3327 761 3400 Epistola
784 3328 819 3384 ad
838 3330 972 3402 Ephesios
992 3332 1087 3388 dicens
1107 3331 1198 3389 :n0b
1217 3332 1244 3388 id

132 3536 177 3602 (1)
194 3535 304 3588 «Τεκνα
323 3552 364 3585 ουν
383 3551 476 3601 poros,
494 3532 625 3594 ἀληθειας,
646 3549 745 3601 φευγετε
761 3552 804 3584 τον
824 3548 952 3603 μερισμον,
971 3549 1015 3583 και
1032 3550 1076 3592 τας
1092 3526 1248 3584 κακοδιδασ-

97 3623 208 3675 nolana·
230 3615 292 3666 ὅπου
313 3608 368 3665 iti
389 3631 481 3681 ποῑμην
504 3616 581 3674 ἐστιν,
602 3615 649 3664 ittet
668 3615 700 3674 ὡς
722 3610 837 3684 προὸατα
860 3615 1104 3667 ὰκολουθειτι......
1124 3613 1178 3666 ὅσοι
1198 3633 1248 3685 γαρ

96 3705 153 3750 deon
174 3698 233 3748 sicto
254 3712 299 3747 και
318 3695 405 3752 ’lnooo
425 3695 551 3764 Χριστου,
578 3695 646 3747 οὑτοι
670 3713 732 3765 μετα
758 3716 802 3748 του
827 3713 960 3748 satoxorroo
980 3696 1053 3746 sicto·
1074 3713 1118 3746 και
1141 3695 1196 3748 ὅσοι
1216 3714 1248 3747 αν

99 3795 294 3848 paronomasia<
318 3778 416 3827 ἔλθωσιν
437 3779 475 3827 ἐπι
492 3799 536 3832 την
555 3779 659 3834 irorata
682 3799 725 3838 της
744 3781 892 3842 innianter,
910 3780 978 3830 οὗτοι
1000 3782 1055 3829 θεου
1077 3795 1187 3840 εσονται,
1206 3778 1249 3828 ἰνα

98 3862 158 3910 hotv
176 3877 243 3909 κατα
264 3858 362 3914 Ἰησουν
386 3859 497 3929 Χριστον
520 3863 617 3920 (orrea-
638 3860 684 3917 Mn
705 3867 830 3913 πλανασθε
854 3857 958 3930 a'thslpot
984 3879 1045 3928 μου·
1065 3861 1121 3920 εὶτις
1139 3862 1248 3926 opticeat

99 3945 242 4005 ὰκολουθει,
258 3940 387 3994 ὕασιλειαν
402 3948 456 3994 θεου
466 3943 495 3993 ob
509 3949 655 4013 κληρονομει
666 3962 673 3976 ·
685 3944 742 4003 tto,
759 3946 783 3995 ἐν
793 3949 914 4012 αλλοτριᾳ
925 3962 1012 4012 γνωμῃ
1024 3959 1161 4012 aspiraret,
1175 3943 1248 4001 οὖτος

98 4045 133 4091 τῳ
145 4029 215 4073 παθει
235 4024 264 4074 ob
280 4029 496 4091 συγκατατιθεται.
507 4017 664 4081 Σπουῧαζετε
677 4043 717 4075 ουν
732 4041 776 4094 μιᾳ
790 4025 932 4094 εὑχαριστια
944 4029 1063 4092 χρησθαι·
1076 4043 1120 4093 pra
1129 4042 1177 4094 γαρ
1187 4025 1249 4090 cap}

98 4125 143 4157 του
154 4105 249 4174 Kopion
266 4107 336 4174 ἡμων
351 4104 437 4161 'lnaoo
454 4107 582 4177 Xptoroo,
596 4122 639 4156 aar
651 4106 676 4158 ἐν
693 4122 810 4176 ποτηριον
826 4123 857 4165 εις
875 4106 960 4156 ἕνωσιν
976 4123 1020 4155 του
1032 4122 1139 4173 αιματος
1155 4104 1246 4154 αὐτου·

99 4190 125 4239 ἓν
141 4191 333 4259 ῧυῦῑαστηριον,
346 4189 379 4248 ὡς
394 4189 428 4247 εἰς
443 4207 589 4252 επισκοπος,
609 4187 665 4256 ἅμα
682 4207 716 4256 τῳ
736 4185 896 4258 πρισῦυτεριῳ
916 4203 960 4237 και
980 4180 1106 4248 Stasanor<
1125 4203 1175 4246 τοις
1191 4201 1248 4236 συν-

96 4264 196 4328 Socim<
212 4290 273 4336 μου,
292 4271 334 4321 ἰνα
353 4269 365 4318 ὸ
385 4272 427 4321 iar
445 4289 564 4340 πρασσετε
584 4287 651 4321 κατα
668 4275 722 4322 θεον
741 4285 875 4339 apocopae·
889 4291 900 4318 n
916 4288 938 4322 c.
952 4275 1034 4321 2-5.
