3166 5168
265 377 304 418 nu
325 374 472 418 uouemus
491 374 598 418 onisco
620 375 686 419 rsvo
709 376 740 418 ru
759 375 899 419 sccmsrt
920 375 1047 418 unnrrrs.
1174 364 1227 421 {01

130 522 167 576 Ea
187 521 308 593 proiecto
325 519 470 591 perspicua
487 528 569 584 sunt,
589 534 641 575 nec
658 521 747 576 uiium
765 519 887 594 effugere
905 530 996 592 potest
1013 530 1182 593 quantopere
1200 523 1234 579 ab

94 610 318 668 individualismo
340 609 539 680 protestantico
560 608 735 667 abhorreant.
760 610 814 667 Sed
837 611 896 667 haec
917 611 1061 668 hactenus.
1084 611 1143 668 Non
1165 628 1235 683 opus

95 711 140 759 est
152 704 233 774 plura
245 702 281 757 de
293 698 426 756 Conciiiis
442 697 566 769 antiquis
581 697 720 756 disserere
736 716 742 755 :
756 715 790 756 er
803 698 887 756 dictis
905 701 974 756 satis
991 716 1131 773 superque
1148 702 1237 773 liquet

95 809 157 865 quae
176 793 289 848 demum
309 789 393 846 tuerit
411 789 559 845 methodus
577 788 611 844 ab
629 789 699 860 ipsis
718 789 787 845 initu
806 799 834 846 et
852 799 1031 864 propugnata.
1050 789 1122 859 Quid
1142 802 1235 850 cutem

96 882 207 939 indeed
220 897 332 937 causum
345 894 427 951 quum
442 888 553 935 tuemur
563 880 712 953 juvandam
726 890 839 937 eruatur
853 896 935 937 nemo
948 890 991 937 est
1004 882 1051 954 qui
1065 899 1119 940 nou
1132 883 1233 940 videat.

95 971 219 1029 Concilio
230 972 333 1042 quippe
348 969 518 1026 oecumenicn
534 979 619 1025 totum
633 971 798 1038 Ecclesium,
818 971 979 1027 universum
997 971 1235 1029 christianismum

96 1078 194 1119 verum
210 1076 243 1116 ac
259 1076 421 1136 germanum
438 1059 575 1128 referunt,
588 1059 711 1132 adeoque
727 1061 909 1117 adducturum
927 1061 1094 1135 synodorum
1111 1063 1236 1119 testimo-

98 1151 144 1207 nia
165 1150 319 1218 audiendo,
341 1151 434 1222 ipsum
457 1150 694 1207 christianismum
720 1167 798 1207 suam
821 1151 983 1208 methodum
1005 1152 1176 1224 aperientem
1201 1167 1236 1209 uc

98 1241 188 1312 pulum
206 1240 381 1312 profitentem
398 1239 631 1312 detiuieutemque
649 1241 817 1297 audiuimus.
836 1240 1010 1314 Quapropter
1028 1241 1099 1297 nihii
1114 1241 1235 1314 amplius
1253 1265 1254 1270 ¹

96 1331 293 1405 ambigendum
306 1347 313 1388 :
327 1332 372 1387 vei
387 1340 419 1387 ut
431 1346 496 1386 vern
508 1346 541 1386 ac
553 1331 612 1387 sola
625 1331 783 1388 christiunae
794 1331 919 1405 religioni
928 1330 1046 1404 'propria
1059 1330 1236 1403 suscipienda

99 1421 180 1477 nohis
192 1429 235 1477 est
250 1421 398 1477 methodus
413 1436 495 1493 quum
509 1429 624 1477 tenuere
638 1420 775 1488 Consilia,
787 1421 845 1488 uel,
860 1420 957 1476 relicte
966 1420 1041 1477 omni
1054 1419 1235 1485 verecundie,

98 1519 226 1583 proterve
238 1510 387 1567 dicendum
403 1525 541 1582 nusquam
556 1509 793 1565 christianismum
807 1524 870 1567 sese
885 1509 1068 1578 inteliexisse;
1081 1509 1153 1583 quod
1169 1524 1236 1582 pos-

99 1611 219 1659 tremum
238 1610 428 1673 portentosum
446 1615 524 1673 aeque
540 1614 573 1656 uc
589 1599 706 1671 impium
724 1615 821 1658 omues
838 1598 976 1656 drrrerint.
