3150 5160
360 326 400 384 bt
481 341 519 383 nn
534 339 574 384 ns
589 338 733 383 nnrnruus
747 337 799 394 Qut
814 337 886 382 nosr
899 338 990 382 nunu
1005 337 1212 383 nrosromcuu
1227 337 1394 385 rnonunnn.

357 487 565 543 illustrenturve
583 485 720 551 oratione;
735 484 770 540 ad
784 483 912 540 eumdem
931 483 1006 540 enim
1027 483 1139 541 modum
1153 483 1187 540 de
1200 484 1235 541 iis
1251 501 1313 557 quae
1332 486 1394 543 sine
1408 487 1498 560 scrip-

357 588 385 633 to
415 576 513 632 tradita
536 575 613 632 fuere
639 575 762 648 loquitur
793 573 911 630 Basilius
933 589 966 630 ac
992 573 1052 645 ipsa
1075 575 1235 631 Tridentina
1266 577 1397 650 synodus.
1427 578 1499 634 Rem

355 676 449 724 autem
473 676 528 722 tam
547 676 686 739 apertam,
706 665 830 722 omnium
851 663 965 720 calculis
987 671 1043 719 tam
1063 663 1204 735 probatam
1224 664 1315 730 effert,
1338 675 1369 722 ut
1388 666 1498 733 nullus,

355 756 459 829 inquit,
485 757 673 813 contradicere
698 756 787 828 possit
809 756 857 825 qui
879 756 920 810 cel
942 755 1018 809 tacui
1042 755 1211 824 ccpcrimtiu
1233 757 1339 811 counit
1366 773 1426 826 quc
1441 757 1500 811 siat

356 848 481 903 Ecclesia
497 849 636 902 instituto.
657 847 801 902 Rationem
822 861 915 917 porro,
935 860 985 900 cur
1006 844 1132 915 quaedam
1155 844 1224 900 eitra
1244 844 1380 916 scriptum
1397 845 1501 902 tradita

357 939 414 994 sint
426 938 499 992 banc
512 953 574 994 esse
585 937 624 993 ait
639 953 669 992 z«
681 937 721 992 Ne
734 936 891 1009 dogmatum
904 933 1002 990 notitia
1018 934 1142 1008 neglecta
1159 943 1272 1007 propter
1288 935 1501 991 assuetudinem

356 1025 438 1099 vulgo
454 1026 562 1083 veniret
580 1027 608 1082 in
629 1034 829 1095 cointemptum.
845 1042 859 1075 u
874 1022 963 1094 Atque
982 1023 1019 1078 ita
1038 1023 1150 1094 quidem
1168 1024 1345 1095 prosequitur
1365 1024 1500 1081 :alblind

356 1117 453 1187 utique
466 1124 510 1172 est
522 1117 636 1190 dogma,
652 1114 727 1170 aliud
741 1112 908 1187 praedicatio.
922 1113 991 1168 Nam
1004 1112 1129 1187 dogmata
1142 1113 1274 1181 silentur,
1288 1114 1503 1186 praedicationes

355 1223 421 1263 vcro
439 1206 616 1278 publicantur
629 1202 687 1280 (l).
702 1205 751 1260 Est
763 1212 855 1260 autem
870 1203 974 1259 silentii
988 1203 1096 1275 speeies
1114 1203 1198 1259 etiam
1211 1203 1362 1259 obscuritas
1374 1220 1429 1275 pau
1441 1206 1501 1260 uti-

356 1302 403 1351 tur
414 1296 573 1367 Scriptura,
591 1296 734 1352 intellectu
752 1292 891 1351 difficilem
908 1294 1028 1349 reddens
1041 1293 1200 1367 dogmatum
1214 1294 1400 1362 sententiam,
1414 1295 1503 1368 idque

356 1387 391 1442 ad
411 1387 561 1460 legentium
579 1386 727 1442 utilitatem
749 1383 833 1457 (blo

394 1477 543 1548 Postquam
558 1492 623 1533 vero
641 1475 758 1548 plurima
778 1472 918 1531 recensuit
934 1473 1077 1548 religionis
1096 1474 1185 1547 capita
1204 1473 1273 1530 citra
1294 1475 1428 1548 scriptum
1451 1491 1501 1532 ac-

356 1576 435 1638 cepta
455 1575 483 1622 et
503 1566 632 1623 omnibus
645 1565 831 1637 comprobata,
851 1563 890 1620 ait
905 1581 911 1618 :
927 1586 941 1619 u
956 1563 1070 1620 Deficiet
1083 1581 1128 1620 me
1146 1564 1220 1629 dies,
1234 1565 1258 1621 si
1275 1566 1405 1623 Ecclesiae
1420 1582 1499 1640 mys-

357 1656 427 1713 teria
453 1657 522 1712 citra
541 1656 676 1728 seriptum
702 1655 802 1711 tradita
821 1669 932 1728 pergam
950 1669 1106 1710 recensere.
1130 1653 1234 1711 Omitto
1257 1663 1356 1711 caetera
1377 1671 1384 1710 :
1406 1655 1499 1727 ipsam

357 1745 421 1801 fidei
440 1746 639 1818 professionem
657 1747 687 1802 in
706 1748 814 1803 Patrem
831 1754 858 1802 et
875 1745 976 1801 filium
996 1756 1024 1802 et
1041 1745 1174 1818 Spiritum
1194 1756 1372 1814 sanctum,e
1394 1747 1500 1818 quibus

358 1839 494 1894 babemus
520 1834 650 1909 seriptis?
675 1837 785 1894 Etenim
815 1836 839 1892 si
862 1835 993 1907 quoniam
1020 1851 1054 1891 ex
1081 1836 1213 1908 baptismi
1241 1837 1403 1903 traditione,
1420 1838 1503 1909 juxta

357 1928 469 2001 pietatis
501 1928 765 2000 consequutionem,
796 1936 827 1982 ut
855 1925 1040 1997 baptizamur,
1069 1926 1107 1981 ita
1137 1935 1166 1982 et
1199 1927 1312 1982 credere
1346 1925 1500 1992 debemuS,

357 2019 479 2089 similem
495 2019 634 2090 baptismo
657 2017 858 2091 professionem
879 2018 1062 2082 exhibemus;
1085 2017 1217 2074 concedat
1235 2017 1319 2073 etiam
1343 2015 1443 2083 nobis,
1464 2025 1501 2072 ut

355 2109 433 2181 juxta
461 2109 586 2166 eamdem
598 2107 824 2179 consequentiam
848 2106 1075 2181 glorificationem
1100 2106 1163 2162 fidei
1188 2107 1363 2163 consimilem
1389 2107 1502 2178 persol-

356 2215 462 2256 vamus
486 2198 608 2268 Quodsi
633 2197 805 2273 glorificandi
825 2197 938 2254 modum
963 2196 1048 2254 veluti
1072 2197 1175 2271 scripto
1192 2213 1248 2255 non
1275 2197 1409 2255 traditum
1431 2196 1502 2270 reji-

354 2389 399 2428 της
424 2371 551 2439 ἂγγραφου
572 2362 740 2428 ὃιδασκαλιας
763 2370 865 2436 ἔχομεν,
884 2386 917 2419 τα
939 2359 966 2418 ds
989 2369 1016 2417 ἔκ
1036 2387 1079 2426 της
1100 2387 1149 2418 των
1170 2367 1317 2420 &corruitur
1341 2360 1509 2438 παραδοσεως

353 2445 506 2505 bradeburna
525 2453 582 2521 ἧμιν
596 2453 619 2502 ia
636 2467 760 2521 μυστηριῳ
774 2443 979 2521 παρεδεξαμιθα·
996 2466 1057 2519 απερ
1071 2467 1202 2519 αμφοτερα
1219 2469 1264 2505 την
1280 2468 1355 2505 auras
1370 2450 1440 2515 ἰσχυν
1453 2466 1508 2514 εχει

353 2555 414 2607 προς
435 2555 480 2591 την
498 2531 629 2587 uocabatur·
647 2534 702 2588 Και
725 2551 821 2593 roncore
845 2526 924 2591 οὐδεις
943 2531 1049 2601 (irrepet,
1072 2533 1162 2584 οὐκουν
1180 2530 1206 2590 ὸς
1224 2547 1260 2590 τις
1280 2551 1308 2600 'f‘
1324 2548 1398 2582 κατα]
1418 2548 1510 2601 propos

352 2637 412 2687 γουν
434 2623 528 2684 θεσμων
547 2618 759 2671 ἐκκλησιαστικων
777 2632 928 2685 πῑπειραται.
946 2614 982 2668 Ei
1004 2633 1054 2684 γαρ
1074 2617 1261 2684 ἐπιχειρησαμεν
1277 2631 1310 2664 τα
1327 2622 1433 2684 άγραφα
1454 2638 1507 2673 των

347 2701 421 2750 ἔδων
437 2701 469 2759 ὡς
487 2719 519 2767 μη
538 2703 648 2767 popalus
663 2700 753 2762 ἔχοντα
767 2717 811 2754 την
824 2692 928 2765 becapai
944 2700 1137 2766 παραιτεισδαι,
1152 2701 1274 2764 λαῧοιμιν
1289 2714 1319 2746 αν
1336 2697 1370 2756 εἰς
1386 2698 1455 2749 αὐτα
1473 2720 1508 2752 τα

353 2799 439 2851 >carpta
454 2783 595 2848 ζημιουντες
612 2799 640 2832 το
661 2780 820 2849 adamatica·
836 2784 931 2847 μαλλον
948 2772 976 2829 δι
991 2779 1024 2838 ιἰς
1043 2776 1126 2846 ὄνομα
1140 2778 1211 2844 dulce
1230 2795 1395 2848 περιιστωντες
1412 2800 1440 2834 το
1462 2803 1509 2840 κη-

354 2880 444 2931 ρυγμα.
457 2882 472 2914 n
484 2866 546 2915 ibid.
560 2880 582 2914 c.
595 2868 641 2924 et,
654 2881 680 2915 n.
693 2868 734 2914 66.

386 2948 435 3009 (1)
455 2964 468 2995 u
478 2946 556 2998 Ἀλλο
572 2963 621 3015 γαρ
640 2938 726 3014 boppo
741 2961 784 2995 aar
800 2948 864 2995 αλλο
882 2962 1016 3012 κηρυγμα·
1034 2962 1068 2994 τα
1091 2963 1133 3011 μεν
1153 2961 1202 3012 γαρ
1218 2937 1339 3012 δογματα
1359 2961 1502 3008 σιωπαται,

354 3045 387 3077 τα
402 3019 429 3076 δε
446 3045 595 3095 κηρυγματα
610 3021 793 3094 δημοσιιυεται.
805 3045 819 3076 n
833 3026 942 3076 Basilius
962 3027 1004 3077 hic
1022 3026 1114 3093 dogma
1134 3026 1272 3094 distinguit
1290 3046 1305 3080 a
1324 3028 1509 3096 predicatione

354 3100 455 3175 (δογμα
468 3116 494 3158 et
509 3111 653 3176 eucarpum
673 3125 730 3176 quae
750 3107 880 3158 distinctio
895 3107 964 3174 apud
980 3108 1044 3159 alios
1065 3125 1167 3176 qnoque
1186 3111 1272 3161 Patres
1289 3110 1408 3163 occurrit.
1422 3114 1504 3165 Porro

353 3206 469 3258 κηρυγμα
486 3190 579 3240 Basilio
591 3198 628 3240 cst
645 3190 690 3241 illa
703 3190 823 3242 doctrinae
839 3190 984 3242 christiane
995 3207 1054 3258 pars
1063 3207 1120 3258 quae
1131 3192 1209 3258 uulgo
1227 3201 1350 3244 eteorum
1366 3194 1504 3257 omnibus,

354 3273 430 3325 etiam
454 3272 615 3333 infidelibus,
634 3271 835 3340 predicabatur,
856 3288 965 3339 quaeque
986 3271 1014 3322 in
1042 3272 1157 3323 moribus
1176 3273 1316 3324 formandis
1344 3273 1510 3341 potissimum

353 3355 518 3417 versabatur,
536 3348 620 3424 δογμα
635 3364 721 3407 autem
731 3364 804 3407 vocat
817 3373 845 3407 ea
857 3354 988 3422 religionis
1000 3355 1084 3422 capita
1095 3372 1153 3422 quae
1165 3354 1283 3407 fidelibus
1298 3364 1402 3408 fantum
1415 3375 1510 3412 arcano

355 3436 536 3500 tradebantur;
549 3447 574 3490 ct
586 3454 645 3488 vero
661 3455 691 3489 ex
705 3441 860 3502 docmatibua
879 3437 928 3488 alia
946 3438 1078 3489 arcaniora
1097 3446 1171 3489 erant
1189 3453 1240 3488 non
1255 3439 1339 3490 cuivis
1357 3437 1428 3490 fideli
1445 3459 1509 3510 pro-

354 3521 450 3572 miscuo
463 3519 535 3582 data,
557 3519 599 3571 sed
619 3520 705 3572 clectis
724 3521 787 3572 viris
800 3518 957 3572 solummodo
973 3518 1113 3570 commissa.
1132 3521 1195 3570 ilem
1212 3520 1287 3571 istam
1301 3520 1452 3573 universam
1472 3524 1508 3577 ita

353 3600 445 3670 pandit
460 3602 583 3669 Eulogius
603 3602 809 3653 Alexandrinus:
832 3619 950 3668 «ταμεν
971 3595 1090 3670 δογματα
1109 3603 1160 3669 μετ’
1180 3602 1327 3670 decapoleos<
1345 3619 1391 3652 και
1410 3620 1508 3673 copiae

354 3683 555 3750 ἁπαγγελλεται,
577 3699 621 3732 και
638 3702 683 3737 την
707 3683 831 3751 &caparae
855 3687 976 3742 πολλακις
995 3677 1130 3746 ἐξεπιτηῧες
1153 3680 1341 3753 περιῧαλλεται,
1363 3685 1395 3743 ὡς
1417 3685 1448 3737 ἀν
1468 3709 1502 3756 μη

355 3762 470 3829 βεῧηλοις
483 3765 529 3814 eico
546 3783 579 3815 τα
595 3765 657 3834 ἅγια
676 3767 774 3826 ἔκθετα,
790 3784 833 3817 και
854 3768 878 3818 oi
892 3783 1041 3836 μαργαριταῑ
1058 3784 1108 3826 τοις
1121 3783 1215 3835 χοιροις
1232 3783 1395 3836 opocarpatum.
1412 3767 1455 3822 Τα
1479 3764 1507 3822 δι

354 3865 504 3915 κηρυγματα
525 3865 598 3917 popu<
622 3865 687 3907 τινος
713 3850 858 3919 ἐπικρυψεως
883 3855 1081 3919 coappellatur,
1103 3865 1146 3899 και
1171 3854 1280 3916 μαλιστα
1303 3848 1351 3900 boa
1374 3855 1407 3913 si<
1429 3857 1508 3922 λογον

355 3931 460 3980 baronci
472 3946 515 3979 και
528 3935 591 3982 bstou
601 3927 681 3998 φοῧου
695 3947 833 3993 συντηρεσιν
849 3923 1115 4002 αναφερεται·ιἰναιδι
1129 3947 1173 3980 και
1185 3950 1232 3982 των
1245 3925 1380 4001 δογματων
1394 3937 1429 3986 ἐτι
1448 3951 1508 3985 τινα

355 4028 539 4080 μυστικωτερα,
565 4012 583 4063 ἁ
603 4018 729 4072 narratus
753 4015 805 4080 (ὡς
827 4034 856 4066 το
883 4016 939 4073 ἔπος
962 4016 1061 4083 parat)
1080 4030 1222 4084 σεσιγηται,
1244 4015 1342 4077 ἐκεινοις
1366 4009 1393 4067 δι
1421 4033 1507 4084 μονοις

353 4087 525 4162 παραδιὸοται
547 4094 583 4153 οἷς
595 4087 637 4143 δια
655 4100 732 4164 lupos
749 4097 840 4156 ζωντος
861 4099 943 4162 ἔχουσι
961 4114 1126 4166 occupatorem
1142 4115 1233 4167 σοφιαν
1251 4115 1346 4158 πιστοις
1360 4117 1441 4150 ταυτα
1458 4115 1507 4149 πα-

356 4180 488 4245 parauerat.
499 4194 513 4228 n
525 4178 573 4244 Ap.
586 4177 659 4231 Phoc.
674 4176 727 4229 cod.
740 4179 850 4228 CCXXX.

360 4260 362 4265 ·
388 4259 511 4322 (mictu
526 4261 608 4309 nco.
