3150 5160
663 380 688 422 s.
714 378 908 422 xuaxnnstus.
1316 364 1356 422 59

212 527 310 583 itidem
328 541 426 600 agens,
439 524 499 581 eit:
516 524 596 580 «Par
614 533 657 581 est
674 523 750 580 cuim
767 524 902 595 decetque
918 538 969 579 nos
993 523 1031 579 ita
1050 524 1168 591 sentire,
1187 525 1357 596 probumque

212 633 277 691 erga
296 617 393 671 Patres
410 615 536 671 animum
555 629 679 678 servare,
696 614 720 669 si
742 625 833 669 tamen
853 613 942 685 spurii
961 630 1017 669 nou
1036 630 1146 679 sumus,
1166 622 1191 670 et
1207 617 1232 669 si
1248 615 1284 670 ol
1300 617 1358 670 illie

211 707 374 761 traditiones
387 707 550 775 pietatisque
567 706 720 760 doctrinam
736 709 863 759 anemae.
876 722 891 756 u
905 733 942 744 -
955 703 1026 760 Sane
1042 720 1098 761 nou
1117 706 1254 777 potuisset
1273 706 1357 762 eltha-

212 796 310 854 nasius
322 796 415 852 uerbis
430 796 516 870 magis
531 795 686 867 perspicuis
700 795 772 850 viam
787 792 945 850 traditionis
959 794 1105 850 enuntiare
1118 810 1150 850 ac
1164 796 1246 850 tueri.

250 887 352 942 Eadem
370 887 505 958 principia
523 888 627 956 passim
643 886 717 957 apud
728 885 916 942 'Athanasium
933 894 1098 950 occurrunt,
1113 884 1231 939 maxime
1246 900 1312 941 vcro
1328 884 1357 940 in

211 977 284 1033 libro
306 978 344 1032 Dc
366 979 485 1033 Decretis
507 977 623 1032 Nicone
646 977 753 1048 smodi.
772 974 908 1043 Quoniam
930 984 1024 1030 autem
1046 991 1080 1031 ex
1103 975 1235 1031 hacteuus
1259 975 1356 1032 allatis

211 1076 308 1138 aperta
329 1082 363 1123 ac
380 1067 524 1124 manifesta
541 1068 599 1138 jam
618 1068 719 1139 cuique
739 1066 827 1122 videri
846 1066 929 1122 debet
945 1065 1088 1121 Athanasii
1107 1065 1248 1129 doctrina,
1271 1081 1357 1136 pauca

211 1168 320 1215 tantum
344 1174 378 1215 ex
405 1159 457 1215 boc
475 1159 545 1214 libro
563 1157 698 1215 adducam
718 1157 791 1220 loca.
818 1171 849 1211 ea
875 1155 974 1211 deinde
992 1156 1163 1211 excitaturus
1187 1170 1220 1211 ac
1240 1155 1317 1212 velut
1341 1170 1358 1212 c

212 1248 325 1322 regione
338 1248 482 1319 positurus
494 1264 556 1319 quae
567 1249 634 1305 alibi
647 1257 707 1304 tum
721 1248 755 1304 de
770 1246 893 1302 Ecclesia
908 1255 966 1301 tum
980 1246 1014 1302 de
1028 1245 1126 1301 baercsi
1140 1245 1226 1301 edixit
1239 1245 1328 1302 effata.

250 1337 335 1393 lstius
353 1339 526 1395 tractationis
545 1339 658 1395 exordio
671 1337 788 1393 Arianos
804 1336 893 1406 carpit
905 1351 1007 1406 eosque
1026 1351 1089 1390 cum
1100 1335 1200 1406 judaeis
1217 1344 1359 1406 comparat

209 1430 284 1500 quod
302 1429 450 1486 dicerent:
472 1429 590 1498 «Quare
606 1428 654 1500 qui
677 1427 776 1484 Nicaeae
794 1434 997 1492 convenerunt,
1017 1425 1150 1481 uocabulo
1167 1442 1223 1480 nort
1240 1428 1357 1496 scripto,

210 1535 311 1590 nempe
326 1535 361 1574 ea
375 1520 534 1576 substantia
550 1529 578 1576 et
593 1518 822 1574 mnenbstoatiotc
838 1516 976 1588 scripsere
996 1514 1089 1590 (llis
1108 1517 1246 1574 Enarrans
1264 1529 1359 1574 autem

209 1609 280 1680 quid
292 1608 321 1663 in
334 1609 445 1666 Niceeua
458 1610 563 1683 syuodo
578 1624 642 1683 erga
661 1608 831 1664 Eusebianos
849 1616 941 1663 actum
959 1607 1009 1670 sit,
1025 1607 1067 1663 sic
1079 1607 1236 1664 traditionis
1249 1609 1358 1665 melbo-

208 1701 278 1756 dum
301 1700 329 1755 in
349 1701 403 1755 bac
422 1701 546 1757 circaea
566 1698 708 1771 quaelidei
729 1707 808 1754 crant
830 1707 954 1754 secutam
977 1698 1066 1754 obiter
1088 1697 1185 1768 pandit
1206 1714 1212 1752 :
1235 1699 1359 1769 ultaque

209 1790 348 1863 episcopi,
366 1791 511 1846 vocabulis
524 1806 585 1860 quae
597 1789 638 1844 illi
653 1787 836 1862 (Euseblaui)
848 1788 996 1845 commenti
1008 1798 1087 1845 erant
1104 1788 1246 1854 rescissis,
1262 1805 1358 1844 sanam

210 1890 241 1935 ct
256 1882 465 1936 ecclesiasticam
479 1881 561 1950 tidem
577 1881 706 1936 adversas
720 1881 781 1936 illos
797 1895 987 1950 exposuere...
1005 1880 1080 1946 lmo,
1094 1879 1166 1950 quod
1182 1879 1285 1936 mirum
1302 1889 1358 1948 cst,

212 1971 274 2042 ipse
295 1969 433 2026 Eusebius
455 1970 588 2026 Caesarcae
605 1970 633 2025 iu
659 1968 805 2025 Palaestina
826 1969 993 2040 episcopus,
1015 1970 1064 2040 qui
1086 1969 1176 2041 pridie
1200 1970 1358 2035 restiterat,

212 2071 309 2133 postca
332 2061 514 2133 subscripsit,
536 2065 658 2133 beneque
672 2062 795 2118 Ecclesia
810 2062 891 2130 fidem
907 2067 932 2114 ct
955 2061 1069 2115 Petram
1088 2059 1265 2114 traditionem
1286 2077 1354 2123 csse,

212 2152 310 2208 missis
332 2153 366 2207 ad
388 2167 467 2208 suam
489 2153 634 2210 ecclesiam
656 2152 776 2216 litteris,
799 2149 963 2224 significavit
986 2148 1076 2223 (Eli
1100 2150 1242 2207 Summam
1263 2161 1357 2208 autem

212 2243 425 2309 auctoritatem,
442 2259 496 2314 qua
513 2244 542 2300 in
559 2243 694 2301 doctrinis
710 2241 870 2314 judicandis
887 2250 915 2298 et
935 2241 964 2296 in
985 2256 1079 2298 errore
1097 2240 1254 2298 damnando
1276 2241 1361 2312 pollet

213 2332 354 2396 Ecclesia,
371 2345 568 2392 commemorat
580 2334 684 2392 Niceeui
697 2334 802 2390 decreti
814 2332 949 2389 adversus
958 2332 1075 2388 Arianos
1088 2331 1204 2388 locutam
1217 2333 1359 2389 reserens:

213 2442 230 2475 n
244 2423 315 2478 Hinc
331 2422 378 2478 illa
396 2438 464 2480 voce
480 2431 647 2495 (opooocnc)
664 2425 783 2496 scripta,
798 2423 892 2480 statim
905 2425 1001 2480 Patres
1015 2425 1186 2498 subjungunt
1204 2440 1211 2480 ι
1234 2424 1280 2481 bis
1296 2440 1361 2481 vcro

214 2513 264 2585 qui
286 2512 384 2569 dicunt
407 2514 509 2570 Filium
535 2513 583 2570 liei
605 2530 639 2571 ex
664 2515 753 2572 nihilo
775 2515 834 2571 sive
858 2530 892 2570 cx
917 2529 972 2570 uon
998 2514 1185 2571 existentibus
1209 2529 1291 2578 esse,
1316 2516 1361 2570 vel

213 2604 417 2668 creatumve
437 2604 614 2670 mutabilem,
633 2605 676 2662 vel
696 2606 812 2671 lactum,
831 2607 875 2660 uel
898 2621 931 2660 ex
949 2606 1004 2661 alia
1025 2606 1196 2672 substantia,
1216 2608 1363 2661 anatliema

215 2695 284 2749 dicit
296 2700 391 2749 sancta
403 2701 428 2749 ct
441 2695 573 2749 catholica
584 2695 704 2751 Ecclesia
717 2696 772 2768 (ὅ).
785 2715 799 2749 u
814 2696 911 2752 Nonne
930 2696 976 2751 bic
992 2694 1076 2768 igitur
1094 2695 1221 2769 agnoscis
1241 2696 1361 2752 indolem

215 2784 342 2838 virorum
360 2781 407 2851 qui
430 2798 504 2837 sanae
523 2783 656 2838 doctrinae
676 2787 801 2858 magistri
823 2794 851 2841 et
871 2787 1000 2842 custodes
1019 2786 1190 2858 integerrimi
1212 2785 1326 2843 luerunt
1347 2803 1363 2842 a

217 2874 276 2928 lico
299 2871 458 2937 constituti,
485 2872 588 2943 quique
611 2875 735 2930 muueris
760 2875 813 2930 sibi
839 2876 992 2932 concrediti
1014 2890 1151 2931 memores
1178 2890 1266 2946 eoque
1289 2877 1362 2943 uixi,

216 2962 289 3018 citra
307 2962 396 3017 ullum
416 2961 525 3017 arraudi
546 2962 662 3034 periculi
680 2963 841 3032 dubium,a
860 2966 1010 3022 christiana
1024 2966 1156 3023 socictate
1168 2977 1296 3023 resecant
1315 2983 1363 3025 cos

216 3068 317 3110 omnes
340 3055 386 3124 qui
400 3053 528 3126 dogmata
541 3068 557 3107 a
570 3054 629 3110 suis
641 3053 730 3110 aliena
745 3054 877 3111 tuentur?

254 3145 289 3199 Et
306 3158 387 3215 porro
409 3145 633 3201 commemoratis
656 3147 784 3217 pluribus
802 3147 931 3203 Patribus
953 3147 1001 3217 qui
1024 3156 1104 3202 autea
1127 3147 1254 3204 eamdem
1278 3165 1363 3219 quam

215 3232 379 3289 definiverat
400 3233 510 3289 Nicaeua
529 3233 650 3306 synodus
669 3234 840 3292 tradiderant
862 3238 1046 3304 seutentiam,
1068 3238 1145 3294 addit
1167 3238 1363 3296 Athanasius:

215 3467 266 3530 οὺχ
279 3465 361 3517 ὅσιον·
380 3468 404 3520 oi
421 3487 509 3528 παντες
528 3485 578 3538 γαρ
595 3469 766 3537 ὶκοιμηδησαν
784 3471 807 3522 ἐν
825 3469 940 3540 Χριστῳ·
958 3470 999 3526 Οὐ
1024 3490 1072 3540 χρη
1090 3463 1117 3521 δε
1135 3475 1292 3539 pateremur,
1309 3467 1367 3523 οῠδι

214 3569 264 3600 των
285 3553 454 3603 συνελᾶοντων
473 3569 515 3602 τον
537 3551 646 3620 epapo
669 3551 830 3620 uupssaltete,
854 3554 895 3604 ἰνα
918 3573 951 3622 μη
975 3546 1082 3605 botunto
1107 3552 1130 3603 oi
1152 3570 1288 3622 rptaaectot
1311 3574 1367 3615 τους

214 3633 351 3689 enarratae
369 3633 534 3702 ἐπικρυπτειν·
552 3627 604 3684 οὐδ’
624 3634 655 3685 ἀν
669 3640 743 3685 raico
760 3655 803 3687 τον
821 3654 909 3704 χρονον
927 3636 1083 3704 ἀναμετρειν,
1104 3635 1145 3686 ἰνα
1163 3654 1195 3702 μη
1216 3627 1324 3687 bannato
1343 3638 1368 3689 οἱ

214 3709 381 3782 προλαῧοντες
403 3715 531 3782 aparciate
558 3735 612 3774 τους
643 3733 704 3783 μετα
728 3735 808 3768 ταυτα
825 3737 978 3786 gareperto<-
999 3716 1031 3772 Οἱ
1052 3733 1139 3775 παντες
1156 3733 1249 3784 γαρ...
1266 3735 1369 3790 accepts

215 3798 273 3848 ciet.
287 3813 301 3847 u
313 3797 376 3846 ibid.
390 3815 415 3848 n.
427 3803 470 3848 ta.

249 3879 293 3944 (l)
305 3881 339 3928 De
351 3884 459 3932 Decretis
470 3884 574 3931 Nicaeam
585 3883 689 3948 synodi,
701 3899 728 3934 n.
745 3888 769 3934 l.

249 3962 292 4030 (2)
306 3981 320 4013 u
336 3959 372 4014 Oi
387 3979 468 4014 τοινυν
486 3962 658 4012 intotonat...
681 3963 759 4022 οὕτως
778 3964 888 4026 ἐξεῧεντο
908 3965 964 4015 κατ’
979 3963 1059 4016 durus
1077 3981 1121 4018 την
1139 3963 1300 4031 ὑγιαινουσαν
1314 3978 1360 4014 και

215 4051 425 4103 ἐκκλησιαστικην
436 4059 515 4094 attacta
525 4077 531 4090 .
540 4077 562 4095 .·
574 4061 617 4093 και
631 4064 659 4096 το
671 4065 700 4113 γι
712 4039 874 4114 repeticione,
892 4043 1034 4104 Eucthoc..
1046 4078 1053 4093 .
1066 4043 1132 4112 ὅμως
1147 4045 1246 4112 ὓστερον
1257 4045 1371 4113 ὑπογρα-

216 4148 280 4199 φας,
300 4131 418 4180 insaritis
430 4146 461 4194 τῃ
482 4132 600 4195 atalanta
620 4125 721 4188 ἑαυτου,
735 4133 813 4196 ieras
831 4144 924 4184 ταυτην
937 4129 999 4180 εἶναι
1013 4146 1058 4185 της
1070 4128 1203 4184 instincta<
1215 4145 1259 4182 την
1272 4142 1371 4176 ateste.

215 4229 262 4264 και
276 4230 324 4262 των
341 4230 455 4281 excrepuit
474 4228 517 4264 την
535 4202 684 4279 unpabootr.
701 4231 713 4262 u
726 4213 826 4263 tlitdn.
844 4217 868 4264 3.

250 4297 297 4362 (5)
315 4313 329 4345 n
395 4329 401 4342 .
413 4293 523 4351 Τουτους
543 4292 720 4361 ἀναδιματιζει
740 4293 756 4348 ἡ
773 4293 835 4361 ἅγια
852 4310 895 4344 και
908 4297 1034 4348 amicitae
1056 4293 1186 4348 iacinctu-
1199 4311 1209 4337 n
1222 4293 1276 4344 leid
1288 4306 1314 4340 n.
1328 4289 1372 4339 20.
