3150 5160
322 350 382 408 110
500 360 649 406 nrsronrn
671 358 922 406 rnorxsran’rrsur
943 361 1077 407 xeruonr
1100 360 1299 408 nnuvrnnruu.

319 509 453 566 ahenum.
474 507 548 566 Satis
571 506 656 564 luerit
680 508 705 564 si
728 508 882 580 praecipuas
907 507 1129 580 protestantismi
1152 508 1273 581 epochas
1305 509 1477 586 theologicas

319 598 592 665 adumbrarerimus‚
614 612 647 652 ea
663 598 771 654 seilicet
790 597 899 653 ratione
917 606 949 654 ut
966 607 1097 670 appareat
1117 600 1166 672 qul
1183 615 1317 672 processu
1338 603 1477 675 temporis

319 689 483 762 explicatior
497 687 621 745 extiterit
640 687 740 758 privati
763 686 899 744 examinis
917 687 1078 745 methodus.

356 781 458 846 Porro,
478 794 540 834 mea
558 793 626 835 sanc
645 778 797 846 sententia,
817 778 921 850 duplex
942 779 1120 850 potissimum
1140 780 1245 853 epocha
1268 781 1298 837 in
1317 791 1478 854 protestan-

318 868 396 927 tismi
412 869 551 942 theologia
568 868 703 943 distingui
720 877 836 941 potest:
854 868 931 940 prior
947 884 980 925 ea
998 880 1043 926 est
1061 869 1091 925 in
1113 884 1168 941 qua
1190 870 1319 942 plerique
1334 871 1473 945 theologi,

319 958 467 1031 principii,
485 959 530 1015 cui
548 959 722 1016 fundamenti
742 959 831 1015 instar
843 959 1016 1016 innitebatur
1033 958 1332 1032 pseudo-reformatio,
1352 961 1477 1019 indolem

317 1050 394 1107 haud
412 1052 493 1122 plene
511 1050 634 1107 assecuti
651 1050 695 1106 vel
712 1059 788 1107 certe
808 1065 864 1106 non
883 1049 988 1116 secuti,
1002 1051 1197 1107 auctoritatem
1216 1049 1364 1123 quamdam
1381 1054 1477 1108 exter·

317 1155 384 1197 nam
409 1140 561 1196 tuebantur
583 1141 629 1196 vel
650 1141 748 1196 saltem
772 1138 833 1196 sino
859 1139 962 1211 praevio
989 1140 1117 1196 examine
1139 1139 1300 1211 Scripturas
1323 1148 1355 1196 ut
1380 1156 1477 1198 sacras

317 1229 525 1300 suscipiebant,
539 1239 622 1301 atque
635 1244 669 1285 ex
682 1229 739 1285 illis
756 1237 888 1301 tanquam
901 1245 936 1286 ex
949 1229 1028 1286 lonte
1041 1229 1225 1302 undequaque
1237 1229 1333 1288 divino
1345 1231 1476 1305 dogmata

318 1321 483 1392 depromere
508 1320 671 1387 studebant3
695 1321 833 1393 posterior
855 1328 949 1376 autem
973 1319 1020 1374 illa
1043 1328 1086 1375 est
1104 1319 1151 1374 ubi
1175 1318 1374 1391 quamplurimi
1407 1319 1476 1376 doc·

319 1417 412 1472 tores,
436 1409 556 1466 maxime
574 1409 603 1465 in
628 1409 789 1477 Germania,
816 1409 889 1467 serio
911 1410 1025 1466 demum
1041 1409 1135 1466 animo
1158 1409 1389 1481 protestanticam
1410 1424 1473 1466 me·

319 1499 437 1556 thodum
452 1499 605 1571 complexi,
619 1500 823 1556 constituerunt
839 1500 874 1555 ab
887 1500 1038 1571 interprete
1059 1515 1153 1556 sacras
1166 1500 1286 1557 Litteras
1303 1500 1477 1571 explicaturo

320 1588 449 1644 habenda
467 1604 530 1645 esse
544 1589 621 1646 varia
637 1589 796 1647 christianae
814 1589 948 1647 doctrinae
964 1599 1030 1647 ante
1048 1601 1160 1664 accepta
1177 1591 1266 1663 capita
1283 1607 1334 1663 pro
1354 1590 1475 1648 totidem

321 1677 510 1751 prejudicatis
522 1680 713 1750 opinionibus,
730 1681 764 1737 ad
778 1681 890 1753 quasin
904 1682 1111 1754 interpretando
1130 1682 1178 1738 ille
1193 1683 1309 1739 minime
1327 1682 1476 1740 attendere

320 1767 430 1825 dehent.
438 1768 504 1825 llaec
517 1771 654 1841 posterior
667 1771 770 1842 epocha
783 1771 818 1827 ah
832 1771 943 1827 Ernesti
956 1779 985 1827 et
997 1769 1152 1842 praesertim
1162 1787 1179 1826 a
1188 1770 1312 1828 Semlero
1326 1771 1476 1827 exordium

322 1857 420 1924 duxit,
440 1868 469 1915 et
491 1861 579 1916 multa
601 1861 711 1932 peperit
731 1870 879 1934 systemata
902 1860 1115 1929 rationalistica,
1134 1876 1255 1934 quorum
1282 1862 1424 1934 praecipua
1444 1860 1477 1918 in

322 1948 446 2006 medium
466 1965 565 2007 sumus
581 1950 738 2008 adducturi.

875 2154 934 2228 qr.

379 2371 478 2413 Plllllllll
494 2372 696 2416 exhausimus
713 2375 739 2415 iu
758 2374 858 2416 acuunt)
877 2377 930 2418 cuii
946 2375 1076 2417 rhthcll’io
1093 2376 1109 2416 t
1124 2374 1155 2418 SE
1168 2374 1235 2416 lasis
1254 2365 1421 2434 corisrtrutb
1445 2415 1448 2419 .

762 2483 879 2525 PRORSUS
894 2483 1023 2525 eucharin.

347 2701 350 2707 ·
363 2670 601 2739 Quemadmodum
620 2687 705 2744 supra
717 2671 874 2738 innuimus,
893 2671 1117 2745 protestantismi
1134 2670 1304 2743 principium
1319 2669 1391 2726 nihil
1404 2684 1480 2741 pene
1536 2654 1542 2662 ’

321 2761 400 2819 aliud
415 2773 458 2820 est
476 2778 560 2836 quam
575 2762 736 2820 rebellionis
750 2763 884 2820 adversus
899 2762 1064 2819 catholicam
1082 2761 1236 2819 Ecclesiam
1255 2761 1371 2818 allectus
1389 2769 1479 2832 atque

326 2851 428 2909 exitus.
450 2852 630 2910 Auctoritatis
648 2854 844 2911 ecclesiasticae
862 2854 919 2909 vim
937 2869 1089 2928 agnoscere
1108 2869 1246 2910 recusans
1264 2853 1420 2919 Lar-iherus,
1441 2865 1478 2908 eo

327 2942 390 3012 ipso
407 2942 543 2999 rationem
559 2943 694 3014 privatam
713 2961 851 3002 summam
869 2953 952 3016 atque
965 2945 995 3001 in
1012 2945 1143 3003 omnihus
1161 2944 1215 3000 sihi
1238 2943 1291 3000 soli
1311 2943 1479 3015 permitten-

327 3030 553 3088 damstatuehat.
567 3032 601 3088 Et
615 3047 681 3090 vero
700 3033 752 3088 hac
768 3033 797 3088 in
813 3049 844 3090 re
855 3034 927 3090 nihil
940 3035 1004 3092 novi
1022 3034 1129 3091 invexit
1147 3030 1479 3107 pseudo-relormationis

326 3117 442 3184 artilex:
453 3119 484 3177 id
496 3119 570 3177 enim
582 3121 774 3179 tantummodo
786 3122 842 3196 egit
856 3123 930 3195 quod
941 3133 1004 3198 agat
1013 3140 1129 3182 necesse
1143 3135 1186 3183 cst
1199 3124 1328 3197 quisquis
1340 3122 1479 3181 adversus

295 3272 297 3277 ,
326 3209 521 3267 auctoritatem
541 3210 694 3283 quamlibet
707 3211 770 3283 jure
788 3212 945 3270 institutam
964 3216 1100 3273 rebellare
1118 3216 1248 3273 voluerit.

364 3300 401 3356 Et
424 3316 456 3357 rc
475 3301 590 3373 quidem
616 3317 682 3358 vera
707 3311 841 3374 quotquot
866 3303 923 3360 iere
946 3305 1044 3377 quavis
1066 3313 1146 3361 aetate
1171 3305 1324 3361 extiterunt
1350 3301 1479 3359 haeretici

327 3388 403 3447 idem
423 3390 493 3449 illud
509 3392 678 3465 principium
696 3393 726 3450 in
742 3395 787 3450 sul
806 3396 967 3467 praesidium
986 3395 1121 3452 advocare
1139 3403 1368 3452 consueverunt:
1393 3408 1482 3450 secus

327 3479 403 3537 enim
416 3497 482 3539 mox
497 3483 628 3555 periisset
646 3484 718 3540 male
737 3495 867 3558 suscepta
886 3501 979 3544 causa.
998 3486 1062 3542 ldeo
1081 3487 1195 3542 Patrum
1213 3485 1369 3543 doctrinam
1386 3482 1481 3555 inspi-

327 3569 440 3640 ciendo,
455 3573 558 3645 saepius
571 3574 692 3631 vidimus
708 3575 790 3632 istius
803 3576 854 3633 aevi
869 3576 1015 3633 hereticos
1029 3591 1136 3633 sacram
1155 3577 1326 3649 Scriptorum
1344 3583 1480 3647 tanquam

328 3661 442 3719 unicum
458 3665 602 3740 religionis
619 3664 723 3723 iontem
734 3650 922 3732 venditantes,
937 3667 1119 3740 eamdemque
1137 3683 1193 3724 non
1210 3683 1244 3723 ex
1263 3665 1422 3722 traditionis
1434 3673 1481 3722 at-

327 3767 383 3824 que
396 3755 568 3814 auctoritatis
581 3757 677 3830 regula
690 3752 941 3829 interpretandam,
957 3757 1007 3814 sed
1019 3772 1053 3814 cx
1066 3757 1173 3829 privato
1191 3755 1343 3829 cujuslibet
1360 3753 1479 3826 judicio.

327 3841 502 3917 Principium
528 3845 597 3902 illud
617 3845 787 3917 implicatius
805 3853 880 3902 certe
901 3856 950 3904 aut
974 3847 1139 3918 explicatius
1161 3861 1294 3919 apparere
1315 3854 1426 3917 potest,
1449 3853 1483 3901 at

328 3933 359 3989 in
378 3937 502 4006 qualibet
514 3935 615 3993 haeresi
633 3937 791 3993 necessario
809 3936 958 3994 delitescit.
979 3938 1118 3995 Lutherus
1132 3953 1197 4012 ergo
1218 3936 1313 3994 tritam
1326 3951 1359 3992 ac
1371 3933 1481 4009 regiam

330 4025 581 4084 haeresiarcharum
597 4026 672 4084 riam
688 4034 810 4085 sectatus
824 4035 867 4084 est
879 4026 939 4103 (l).
1455 4042 1458 4048 ·

359 4196 412 4262 (1)
425 4201 510 4267 Atque
528 4211 585 4248 earn
601 4195 724 4266 principii
743 4213 758 4248 a
782 4197 895 4250 buthem
915 4198 1011 4250 inuecti
1031 4214 1091 4250 cum
1113 4197 1272 4266 reliquorum
1298 4193 1484 4249 haereticorum

327 4276 445 4333 doetrim
461 4279 639 4348 cognationem
652 4287 794 4348 agnoscunt
804 4278 880 4334 bodie
892 4295 944 4334 non
961 4279 1037 4348 pauci
1048 4288 1227 4349 protestantes.
1239 4279 1287 4334 cti.
1299 4276 1420 4343 bessing,
1432 4278 1485 4328 Der
