3150 5160
372 359 542 404 baroniana
564 360 714 404 nocaatrta
734 360 856 403 ERNESTl
880 359 918 401 DE
939 358 1032 402 sacha
1053 358 1188 402 nunonst.
1296 345 1349 402 15¹]

219 505 265 561 bus
284 504 394 577 penitus
412 521 589 578 corrumpas,
603 514 685 577 atque
705 504 817 560 demum
836 506 870 561 ad
884 505 984 576 placita
1002 521 1078 560 mere
1096 505 1216 559 humana
1229 518 1354 571 revoces3

219 596 321 667 quodsi
336 596 404 662 hoc,
419 605 526 652 constat
539 595 761 652 rationalismum
781 611 893 651 causam
906 595 1016 651 vicisse.
1036 594 1170 662 Quocirca
1188 594 1243 649 dici
1264 604 1358 666 potest

218 686 300 757 prima
321 686 504 742 rationalismi
523 685 619 741 biblici
639 686 744 742 semina
769 685 841 757 apud
866 685 977 740 Ernesti
996 699 1151 740 occurrere.
1165 683 1256 738 Pauca
1280 685 1356 756 ejus-

218 776 275 833 dem
295 779 378 833 rerba
398 778 589 849 subjiciamus.

250 867 329 923 llune
346 869 373 923 in
391 868 503 923 modum
521 867 662 923 invehitur
683 868 712 922 in
731 882 779 923 eos
801 866 944 939 theologos
963 867 1011 937 qui
1029 882 1063 921 ex
1076 866 1177 937 praevia
1196 867 1249 922 lide
1261 867 1354 939 Scrip-

217 968 289 1016 turas
310 960 540 1032 interpretantur,
562 959 596 1014 ad
617 975 749 1030 eamque,
765 959 852 1014 veluti
876 959 909 1014 ad
929 959 1032 1030 lydium
1056 958 1188 1029 lapidem,
1206 959 1354 1016 verborum

216 1049 385 1106 intellectum
405 1050 617 1122 expendendum
635 1050 806 1105 arbitrantur
827 1068 833 1106 ε
855 1069 869 1102 a
884 1048 1003 1105 Omnino
1016 1048 1120 1103 lubrica
1135 1057 1162 1102 et
1180 1047 1356 1105 fallacissima

217 1147 257 1194 cst
273 1140 344 1196 ratio
363 1156 477 1196 sensum
492 1139 638 1195 verborum
655 1155 671 1195 e
690 1140 778 1195 rebus
797 1138 961 1212 colligendi,
975 1155 1037 1194 cum
1056 1155 1102 1194 res
1119 1139 1211 1209 potius
1229 1154 1244 1194 e
1264 1139 1356 1196 uerbis

217 1243 364 1300 eorumque
386 1246 486 1295 sensu,
510 1229 632 1303 legitima
655 1229 762 1285 ratione
789 1228 928 1301 indagato,
953 1227 1080 1300 cognosci
1106 1227 1232 1283 debeant.
1260 1229 1356 1284 Potest

216 1319 288 1373 enim
301 1319 406 1390 aliquid
424 1336 522 1376 verum
538 1335 614 1385 esse,
628 1320 700 1389 quod
716 1328 806 1374 tamen
821 1334 874 1373 non
889 1319 963 1374 inest
975 1317 1067 1373 verbis
1083 1334 1088 1372 :
1105 1318 1210 1389 etquid
1224 1318 1258 1374 de
1272 1318 1355 1375 rebus

216 1411 392 1466 statuendam
413 1411 463 1474 sii,
485 1426 500 1465 e
518 1409 611 1466 verbis
625 1409 745 1480 Spiritus
763 1409 850 1464 sancti
869 1407 985 1481 intelligi
1007 1416 1034 1463 et
1051 1407 1169 1479 judicari
1193 1408 1307 1475 debere,
1326 1410 1356 1464 in

216 1510 341 1573 promptu
362 1510 413 1557 est.
433 1502 492 1557 Noa
509 1507 593 1570 pateat
611 1499 756 1569 Scriptura
774 1500 896 1568 intelligi
912 1499 1068 1569 theologice,
1089 1499 1282 1555 verrissimum
1301 1500 1355 1555 lile·

216 1590 354 1647 lanthonis
373 1591 477 1647 dictum
497 1599 555 1658 est,
574 1591 630 1644 nisi
646 1596 726 1644 antea
739 1589 870 1644 intellecta
882 1591 919 1643 sii
931 1590 1109 1659 grammatice
1126 1587 1183 1663 (l).
1199 1609 1216 1641 a

251 1681 322 1737 llinc
350 1683 556 1755 grammaticam
583 1680 840 1753 interpretationem
866 1681 1017 1752 plurimum
1045 1679 1218 1736 commendat
1243 1688 1353 1746 auctor,

214 1772 306 1843 aitque
324 1787 385 1827 eam
398 1789 482 1828 unam
495 1787 588 1828 veram
601 1786 634 1827 ac
652 1786 810 1844 germanam
829 1771 925 1827 haberi
943 1786 1034 1841 posse.
1056 1770 1140 1825 Plura
1159 1785 1239 1834 sane,
1255 1780 1285 1826 ut
1296 1771 1353 1841 jam

215 1861 324 1929 monui,
345 1872 419 1919 recte
437 1863 511 1919 dicta
528 1870 681 1918 cernuntur
701 1861 730 1915 iu
753 1877 785 1917 ea
806 1877 889 1932 quam
912 1861 1025 1932 exponit
1044 1876 1076 1916 ae
1096 1868 1189 1915 tuetur
1209 1860 1353 1928 methodo;

214 1961 241 2008 at
253 1954 348 2009 eadem
368 1953 567 2009 rationalistica
588 1961 644 2016 est,
666 1952 730 2022 qttia
747 1951 910 2007 exclusaria.
933 1952 984 2006 llic
1002 1960 1094 2006 autem
1113 1960 1226 2022 apparet
1243 1952 1353 2007 Ernesti

214 2041 341 2113 principii
364 2043 583 2114 protestantismi
603 2042 724 2100 indolem
744 2043 829 2114 probe
851 2042 937 2097 luisse
959 2050 1130 2107 assecutum,
1152 2041 1198 2096 ubi
1219 2042 1298 2097 docet
1319 2041 1355 2096 ad

213 2134 365 2207 analogiam
386 2134 450 2190 fidei
469 2143 533 2190 ante
559 2144 677 2206 acceptae
702 2148 873 2204 nequaquam
892 2148 954 2188 esse
976 2132 1121 2203 interpreti
1139 2130 1353 2198 attendendum,

213 2241 262 2281 nec
275 2226 448 2299 theologico,
464 2226 512 2282 sed
525 2225 703 2297 grammatice
717 2233 822 2279 tantum
841 2222 1012 2294 Scripturam
1026 2223 1224 2295 exponendam.

213 2338 218 2343 ·
248 2315 331 2373 addit
344 2332 447 2388 porro:
464 2336 478 2369 u
493 2316 559 2384 Quae
572 2330 635 2370 cum
656 2315 693 2369 ita
712 2315 784 2380 sint,
802 2312 869 2368 illud
890 2329 998 2385 quoque
1017 2313 1200 2388 intelligetur,
1218 2314 1353 2369 rationem

212 2422 312 2464 sensus
331 2408 478 2463 verborum
499 2407 527 2461 in
547 2406 627 2461 libris
647 2405 734 2461 sacris
748 2403 894 2476 indagandi
909 2419 964 2460 non
978 2404 1064 2477 magis
1086 2419 1148 2460 esse
1165 2403 1353 2469 arbitrariam,

212 2511 294 2568 quam
315 2497 344 2552 in
370 2498 470 2554 ceteris
491 2497 581 2560 libris,
609 2495 658 2550 sed
681 2494 785 2566 pariter
806 2492 966 2548 adstrictam
986 2494 1070 2550 certis
1092 2509 1107 2548 a
1133 2503 1230 2549 natura
1248 2493 1355 2564 lingua-

212 2601 274 2641 rum
295 2585 386 2642 ductis
410 2588 530 2660 legibus,
554 2601 640 2657 eaque
665 2584 701 2640 de
722 2599 804 2640 eausa
831 2583 1000 2654 perabsurde
1023 2584 1126 2649 lacere,
1151 2583 1198 2654 qui
1221 2582 1354 2637 librorum

211 2675 370 2731 divinorum
384 2675 655 2745 interpretationem,
669 2676 758 2745 deque
772 2690 855 2730 sensu
869 2673 1017 2729 verborum
1030 2675 1188 2729 divinorum
1200 2672 1353 2743 judicium,

211 2765 334 2821 humano
353 2764 491 2835 pontilicis
511 2765 626 2819 Romani
645 2765 748 2833 jndicio
771 2764 920 2834 subjiciant
947 2763 1001 2837 (ᾖ).
1026 2784 1040 2815 n
1067 2766 1145 2819 Patet
1168 2780 1232 2819 eum
1256 2763 1355 2819 iisdem

210 2853 325 2911 omniuo
352 2868 498 2928 exegeseos
519 2854 626 2928 legibus
644 2854 730 2910 libros
752 2869 845 2909 sacros
865 2869 897 2908 ao
916 2853 1042 2924 profanos
1062 2852 1209 2922 subjicere.
1224 2852 1303 2920 Quod
1321 2853 1356 2908 ad

212 2945 240 3001 id
255 2952 363 3015 spectat
380 2944 453 3014 quod
471 2945 505 2998 de
523 2946 643 2998 hnmano
661 2943 777 2998 Romani
798 2941 936 3012 pontilicis
953 2942 1057 3012 judicio
1072 2942 1183 3012 adjicit,
1199 2943 1283 3014 hujus
1301 2942 1355 2998 loci

211 3053 267 3092 non
287 3043 330 3090 est
345 3034 413 3090 illud
434 3033 582 3090 refellere:
597 3051 631 3090 eu
643 3035 709 3090 alibi
723 3033 805 3089 dictis
815 3032 871 3103 jam
885 3033 972 3104 liquet
984 3034 1089 3089 auctori
1104 3033 1215 3104 penitus
1232 3033 1356 3108 ignotum

210 3141 275 3183 esse
294 3125 483 3198 organismum
503 3126 685 3194 catholicum,
705 3127 768 3199 qui,
790 3135 820 3180 ut
838 3135 932 3197 postea
951 3125 1043 3181 dedita
1056 3140 1139 3197 opera
1157 3141 1255 3180 sumus
1275 3141 1355 3180 mon-

210 3217 340 3283 straturi,
370 3232 442 3272 unus
469 3225 512 3271 est
539 3225 566 3271 et
592 3216 799 3272 christianismo
822 3225 850 3271 et
873 3216 973 3272 rationi
995 3215 1226 3271 accommodatus.
1252 3215 1355 3271 Verum

211 3305 539 3379 pseudo-reformationis
560 3305 696 3376 principio
715 3305 928 3377 obtemperans,
949 3306 1021 3360 belle
1040 3322 1136 3362 secum
1165 3305 1283 3360 cohaeret
1305 3305 1355 3359 Er-

211 3393 300 3459 nesti,
315 3402 342 3449 et
362 3409 423 3449 eam
445 3409 527 3464 quam
547 3394 664 3449 summis
679 3393 806 3450 laudibus
819 3396 927 3450 extollit
946 3395 1107 3450 methodum
1125 3394 1241 3466 probare
1254 3394 1356 3450 debent

210 3483 334 3555 theologi
354 3491 542 3554 protestantes
562 3501 669 3542 omnes.

248 3573 313 3628 llaec
332 3573 444 3643 quidem
467 3583 603 3645 praecepta
623 3576 652 3631 in
667 3576 827 3632 universum
846 3576 966 3632 immotae
981 3590 1086 3631 normae
1104 3575 1192 3631 instar
1211 3574 1355 3646 interpreti

208 3664 282 3720 bene
299 3662 417 3718 tenenda
436 3673 531 3718 censet
547 3664 645 3721 doctus
661 3667 789 3737 scriptor.
803 3665 932 3723 Attamen
955 3665 1078 3721 nondum
1101 3664 1211 3736 penitus
1234 3680 1249 3720 e
1271 3680 1356 3722 sacrae

209 3753 448 3825 interpretationis
472 3753 607 3809 limitibus
630 3756 708 3825 pellit
728 3772 838 3812 omnem
857 3758 989 3830 analogiae
1011 3755 1074 3811 fidei
1096 3770 1191 3820 usum,
1215 3765 1297 3827 atque
1317 3756 1355 3811 ita

209 3845 413 3916 aliquantulum
432 3843 531 3900 saltem
553 3846 692 3901 contrahit
714 3855 888 3918 coarctatque
912 3863 972 3902 eam
998 3863 1080 3917 quam
1107 3855 1241 3902 statuerat
1267 3847 1355 3919 legem

209 3937 382 4011 generalem,
404 3945 431 3991 et
452 3934 546 3990 minus
571 3951 634 3990 cum
660 3938 879 4006 protestantismi
905 3938 1033 3993 methodo
1057 3937 1186 3993 cohaeret.
1216 3957 1231 3990 a
1245 3938 1354 4008 ltaque,

210 4027 315 4099 inquit,
330 4042 375 4084 res
387 4035 416 4084 et
428 4025 551 4098 analogia
565 4025 711 4093 doctrinae,
726 4042 807 4096 quam
826 4027 937 4092 dicunt,
953 4028 1086 4085 hactenus
1106 4027 1188 4085 modo
1201 4029 1312 4100 prodest
1326 4025 1356 4084 in

243 4180 285 4245 (1)
312 4184 437 4234 lactantio
448 4184 591 4244 interpretis
608 4184 635 4230 Ν.
652 4185 677 4231 Τ.
691 4196 717 4248 p.
731 4180 757 4242 l,
772 4189 837 4232 sect.
849 4183 875 4246 l,
890 4197 912 4233 c.
926 4182 952 4242 l,
966 4197 991 4232 n.
1007 4184 1047 4233 l8.

242 4262 289 4326 (a)
306 4265 368 4314 lbial.
382 4282 408 4315 n.
423 4267 465 4314 ⁶20.
