3150 5160
834 645 973 728 unhul
999 645 1048 726 ll.

459 917 647 960 AUCTORleTlS
665 919 682 957 Α
699 915 810 956 canisae
829 916 999 957 CONS'l'lTUTAE
1018 914 1128 956 lNDOLES
1147 917 1224 958 MAGIS
1242 918 1414 959 nactanatutt

385 1025 416 1066 AC
428 1025 608 1066 tntusnnaaun
618 1050 627 1072 ,
638 1023 777 1071 rtttuspun
791 1023 817 1062 ΙΝ
830 1023 862 1063 SE
873 1023 1013 1064 SPEGTd'l'AE
1025 1023 1188 1065 ORGANISMUS
1200 1025 1291 1066 PAUClS
1303 1026 1486 1067 nnscntntrun.

403 1231 544 1287 Hactenus
557 1230 678 1286 vidimus
697 1228 870 1285 auctoritatis
889 1229 1050 1287 methodum
1069 1230 1198 1286 humanae
1217 1240 1323 1287 naturae
1343 1233 1452 1306 legibus
1469 1233 1503 1289 ad

367 1323 500 1378 amussim
521 1336 688 1386 consonare,
711 1329 738 1375 et
757 1334 837 1391 porro
863 1319 955 1375 omnia
973 1336 1034 1391 quac
1054 1323 1291 1391 supernaturalem
1311 1322 1415 1378 Christi
1428 1338 1503 1380 reve-

368 1412 498 1467 lationem
516 1411 696 1467 circumstant
714 1410 826 1466 omnino
845 1419 1041 1481 exposcerent
1061 1411 1172 1466 divinus
1191 1412 1392 1467 christianismi
1410 1422 1503 1468 auctor

369 1516 506 1557 summam
520 1509 547 1556 et
565 1509 698 1556 aeternum
713 1516 922 1571 permansuram
941 1501 1095 1557 instituerit
1112 1503 1313 1558 auctoritatem.
1333 1503 1423 1574 llujus
1441 1519 1502 1576 ergo

367 1601 493 1647 naturam
519 1591 574 1662 jam
603 1590 804 1662 aliquantulum
835 1606 886 1662 pro
918 1591 1072 1664 argumenti
1105 1591 1270 1647 necessitate
1292 1591 1444 1664 attigimus.
1471 1593 1503 1648 ht

367 1681 498 1752 deinceps
520 1680 672 1752 praecipuas
693 1679 769 1735 illius
787 1679 865 1736 dotes
882 1680 1007 1751 pressius
1028 1681 1157 1753 persequi
1177 1690 1205 1736 et
1223 1681 1315 1736 dedita
1335 1697 1418 1753 opera
1437 1681 1502 1737 deli-

367 1772 428 1827 nire
440 1771 583 1827 dehemus.
597 1770 636 1827 Eo
649 1779 742 1826 autern
755 1771 853 1827 ordine
866 1771 894 1826 id
906 1787 1003 1827 sumus
1017 1771 1185 1843 praestituri,
1204 1781 1234 1827 ut
1247 1773 1367 1844 primum
1380 1773 1502 1830 dicamus

366 1863 400 1919 de
419 1863 473 1919 ista
491 1861 653 1918 auctoritate
666 1861 695 1916 in
716 1877 747 1916 se
760 1870 898 1933 spectata,
911 1861 1011 1917 deinde
1024 1877 1085 1917 eam
1101 1863 1301 1918 consideraturi
1321 1872 1403 1935 prout
1418 1864 1502 1937 magis

366 1953 500 2025 peculiari
518 1953 625 2008 ratione
644 1967 708 2006 curn
725 1950 896 2016 hominihus,
916 1950 945 2004 in
965 1966 1082 2021 quorum
1104 1952 1278 2008 commodum
1299 1952 1429 2009 instituta
1447 1961 1500 2018 est,

367 2043 552 2099 communicat
571 2057 673 2114 eosque
692 2040 821 2097 inlormat
834 2057 865 2097 ac
881 2041 991 2114 dirigit3
1009 2058 1176 2113 quamquam
1196 2052 1289 2098 tamen
1309 2044 1363 2100 duo
1387 2044 1460 2111 haec,
1473 2053 1502 2099 ut

366 2133 541 2199 videbimus,
564 2147 678 2204 prorsus
700 2133 806 2205 sejungi
830 2148 885 2188 non
908 2133 1025 2205 possint.
1050 2133 1140 2204 Atque
1162 2132 1266 2205 duplici
1288 2150 1398 2206 quoque
1423 2135 1500 2190 modo

367 2223 559 2278 auctoritatem
577 2221 716 2278 aChristo
733 2223 871 2278 conditam
892 2232 973 2294 prout
992 2239 1023 2279 ca
1042 2223 1072 2278 in
1096 2239 1126 2279 se
1145 2224 1352 2293 consideratur,
1367 2226 1500 2298 spectabi-

368 2329 447 2380 muS,
474 2313 526 2368 hac
544 2312 655 2384 quidem
677 2314 736 2387 lege
758 2322 789 2369 ut
807 2314 928 2385 primurn
951 2313 986 2369 de
1005 2314 1116 2370 dotibus
1138 2315 1357 2388 generalioribus
1377 2315 1499 2371 velutin

368 2405 507 2461 abstracto
517 2403 701 2471 disseramus,
712 2412 806 2475 postea
816 2403 863 2474 qui
877 2403 914 2459 sit
926 2404 987 2475 ejus
1001 2404 1175 2478 organismus
1188 2411 1326 2461 concretus
1339 2404 1498 2462 enarraturi.

905 2642 964 2716 qr.

398 2898 585 2940 auctonlnltls
596 2899 612 2938 Α
624 2897 736 2940 conisae
749 2897 918 2940 CONSTITUTAE
931 2897 1071 2938 PRAECIPUAE
1084 2897 1159 2938 NOTAE
1172 2897 1203 2937 AC
1217 2895 1301 2937 DOTES
1313 2895 1483 2936 EXPONUNTUR

783 3006 869 3054 anuuit
881 3005 1086 3046 tntusnnlntun.

402 3231 482 3288 Nunc
502 3244 567 3303 crgo
589 3228 723 3300 peculiari
748 3226 840 3284 studio
865 3227 997 3300 quaeritur
1015 3244 1076 3300 quae
1096 3228 1207 3284 tandem
1230 3229 1268 3284 sit
1286 3228 1334 3283 illa
1354 3229 1503 3285 auctoritas

365 3337 450 3393 quam
473 3338 489 3376 a
513 3320 622 3377 Christo
648 3319 764 3375 Domino
781 3334 879 3391 reapse
900 3319 1055 3374 institutam
1079 3318 1167 3374 luisse
1189 3319 1322 3374 hactenus
1343 3320 1502 3392 comproha-

364 3409 475 3467 uimus‘?
488 3411 578 3467 Probe
591 3426 700 3483 semper
710 3410 860 3466 tenendum
870 3419 913 3466 est
925 3425 976 3465 nos
989 3423 1046 3466 non
1059 3409 1127 3465 solis
1140 3409 1311 3482 argumentis
1326 3410 1503 3481 speculativis

365 3517 426 3556 rem
438 3516 532 3574 agere,
547 3501 661 3573 perinde
674 3517 706 3557 ac
722 3502 747 3557 si
760 3502 819 3556 hacc
831 3517 894 3556 cum
908 3500 1049 3556 historicis
1068 3515 1124 3554 non
1142 3500 1328 3567 cohaererent,
1347 3501 1411 3568 sed,
1428 3511 1458 3556 ut
1475 3501 1504 3556 in

365 3592 502 3665 principio
515 3592 685 3656 monuimus,
702 3592 851 3646 constituta
866 3600 1006 3661 tamquam
1018 3590 1089 3658 [octo
1108 3591 1250 3646 catholicae
1263 3591 1385 3646 methodi
1403 3590 1504 3645 verita-

365 3692 406 3750 te,
428 3682 558 3755 deinceps
571 3683 632 3753 cjus
646 3682 780 3738 rationem
794 3689 822 3736 et
835 3689 960 3736 naturam
973 3681 1160 3738 ratiocinando
1176 3682 1286 3752 assequi
1301 3681 1503 3737 contendimus.

403 3774 487 3829 Porro
516 3775 611 3832 docuit
640 3772 756 3828 historia
785 3772 975 3829 auctoritatem
1005 3773 1090 3839 hanc,
1121 3773 1156 3828 de
1181 3787 1235 3842 qua
1260 3771 1415 3842 loquimur,
1443 3784 1505 3826 csse

365 3861 532 3930 Ecclesiam,
557 3879 639 3935 quam
664 3872 777 3918 sanctus
803 3872 906 3935 martyr
922 3863 1045 3936 ignatius
1064 3863 1121 3934 jam
1146 3863 1306 3918 catholicam
1330 3861 1503 3926 nominabat,

365 3955 462 4025 cujuS,
482 3952 592 4010 Christo
611 3962 735 4020 mortuo,
755 3953 880 4025 Apostoli
899 3954 983 4010 duces
1003 3954 1093 4021 iuerc3
1112 3953 1142 4008 hi
1161 3962 1254 4009 autem
1273 3952 1342 4009 alios
1359 3952 1506 4008 instituere

365 4044 414 4116 qui
427 4044 471 4100 sui
483 4043 559 4100 vices
574 4054 716 4118 gererent,
733 4045 899 4117 populisque
911 4044 1019 4099 Domini
1029 4044 1182 4101 doctrinam
1195 4059 1227 4099 ac
1239 4044 1355 4118 gratiam
1372 4044 1432 4115 pari
1443 4044 1505 4116 jure

365 4149 397 4189 ac
410 4133 540 4189 firmitate
555 4133 704 4191 traderent.
723 4134 788 4202 Quae
802 4135 887 4209 igitur
905 4135 1036 4193 Ecclesia
1053 4135 1195 4192 catholicae
1207 4131 1324 4191 natura?
1343 4133 1413 4201 Quae
1428 4133 1504 4190 dotes

366 4221 530 4296 praecipuae?
