3150 5160
365 331 404 389 hl
795 346 1100 392 aurursarosromcr.

360 491 461 548 attinet
477 490 512 548 de
528 490 630 562 quihus
645 504 736 547 sermo
754 500 797 548 est
814 493 970 559 habendus,
988 500 1137 549 occurrunt
1153 491 1181 549 S.
1199 491 1328 551 Clemens
1343 495 1501 563 Romanus,

361 582 388 637 S.
410 582 532 656 lgnatius
554 590 583 637 et
601 580 629 638 S.
648 580 830 654 Polycarpum
852 581 887 637 de
906 598 937 638 ea
957 598 1022 639 vero
1041 599 1102 654 quae
1120 583 1173 638 sub
1191 583 1219 639 S.
1240 585 1371 643 barnabae
1389 588 1502 644 nominc

361 673 554 729 circumfertur
570 672 686 743 epistola
699 671 789 743 deque
803 671 912 726 llermae
930 671 1064 737 Pastore,
1077 671 1208 742 quoniam
1221 673 1313 730 minus
1332 675 1367 731 ad
1384 691 1501 747 suscep-

361 772 421 819 tum
440 762 599 820 institutum
618 770 757 834 spectant,
778 761 850 817 nihil
868 761 1017 818 dicendum
1036 761 1165 818 arbitror.

899 967 957 1039 qr.

775 1161 798 1202 S·
817 1160 937 1202 debituris
956 1159 1085 1201 donabus.

398 1307 426 1363 S.
447 1307 597 1363 Clementis
616 1317 734 1380 quatuor
754 1309 866 1381 quidem
888 1308 1012 1381 epistolae
1032 1309 1066 1365 ad
1092 1324 1143 1365 nos
1161 1319 1362 1380 pervenerunt,
1382 1328 1503 1383 quarum

362 1398 423 1454 duat
435 1398 469 1453 ad
484 1399 624 1472 Virgines,
639 1399 700 1454 aliae
711 1414 776 1454 vero
789 1399 824 1454 ad
839 1398 996 1455 Corinthios
1012 1398 1124 1454 directae
1137 1406 1211 1453 sunt.
1227 1399 1262 1454 Aa
1277 1400 1407 1471 quoniam
1423 1402 1502 1473 prior

362 1499 468 1546 tantum
482 1490 515 1545 ad
531 1489 688 1546 Corinthios
705 1490 820 1561 epistola
838 1497 913 1545 extra
930 1504 1041 1544 omnem
1054 1488 1270 1544 controversiam
1283 1499 1423 1557 versatur,
1437 1491 1502 1548 idco

361 1595 396 1635 ex
412 1580 463 1635 hac
481 1595 535 1634 una
555 1578 706 1635 Clementis
723 1580 796 1635 circa
813 1578 972 1636 christianae
991 1577 1133 1652 religionis
1154 1578 1274 1634 indolem
1290 1594 1322 1634 ac
1340 1580 1503 1637 methodum

363 1669 498 1741 principia
513 1670 664 1725 haurienda
676 1669 813 1726 ducimus.

399 1760 435 1816 Ut
454 1769 547 1815 autem
568 1759 677 1815 facilius
698 1760 856 1830 rectiusque
877 1757 1046 1830 percipiatur
1068 1773 1101 1812 ea
1122 1772 1203 1829 quam
1227 1756 1338 1813 exhibet
1358 1757 1502 1825 doctrina,

258 1876 261 1883 ι
361 1848 512 1904 ridendum
525 1849 603 1921 prius
616 1850 678 1920 quis
692 1850 772 1905 istius
785 1849 908 1921 epistolae
922 1863 1035 1919 scopus,
1049 1863 1110 1919 quae
1125 1847 1232 1904 occasio
1246 1846 1337 1903 luerit.
1352 1846 1504 1905 Sciendum

362 1938 446 2012 igitur
460 1947 528 1994 tuuc
545 1939 677 2010 temporis
694 1938 900 1994 Corinthiorum
918 1936 1063 1993 ecclesiam
1083 1936 1233 1993 schismate
1250 1934 1338 1994 luisse
1356 1939 1504 2008 perturba-

362 2036 433 2091 tam,
447 2028 521 2098 qnod
543 2028 668 2083 nonnulli
688 2027 828 2093 homines,
845 2025 903 2099 jugi
917 2025 1108 2096 impatientes,
1123 2040 1172 2081 eos
1188 2025 1235 2097 qui
1257 2027 1423 2083 auctoritate
1444 2028 1503 2084 rito

361 2126 472 2189 accepta
496 2119 663 2190 prestabant
681 2117 789 2173 deloco
808 2116 926 2187 dejicere
940 2124 969 2171 et
981 2115 1034 2187 ipsi
1056 2115 1109 2170 sibi
1131 2130 1187 2171 nou
1204 2115 1330 2171 debitum
1350 2117 1503 2188 imperium

361 2221 490 2279 arrogare
508 2207 681 2263 molirentur.
701 2205 760 2274 Qua
782 2223 812 2262 re
837 2205 965 2277 permoti,
988 2204 1066 2276 probi
1084 2211 1113 2259 et
1134 2203 1207 2258 iuter
1228 2201 1386 2258 Corinthios
1404 2202 1505 2274 optimi

361 2294 414 2350 viri
427 2296 530 2370 legatos
548 2295 582 2351 ad
597 2297 627 2351 B.
642 2297 717 2352 Petri
734 2310 922 2351 successorem
938 2292 1107 2349 Clementem
1121 2291 1270 2356 miserunt,
1283 2291 1331 2363 qui
1344 2292 1506 2349 luctuosum

363 2385 487 2441 ccclesiae
506 2393 610 2441 statum
626 2386 681 2457 ipsi
698 2386 893 2459 depingerent,
911 2391 1094 2458 rogarentque
1112 2388 1142 2436 ut
1159 2379 1364 2451 quamprimum
1383 2381 1508 2439 schisma

363 2475 525 2549 extinguere
546 2475 734 2532 contenderet.
757 2475 889 2531 Precibus
910 2472 1009 2529 annuit
1029 2471 1171 2536 Clemens,
1192 2478 1222 2525 et
1242 2485 1303 2525 eam
1324 2485 1407 2541 quam
1428 2485 1508 2529 nuuc

362 2580 507 2621 versamus
528 2566 672 2636 epistolam
690 2566 724 2621 ad
743 2564 949 2622 Corinthiorum
968 2561 1081 2634 scripsit
1098 2558 1254 2616 ecclesiam.

400 2655 452 2710 llis
476 2671 558 2726 porro
581 2656 618 2711 ita
642 2655 801 2712 constitutis
825 2653 1001 2709 manifestum
1024 2651 1082 2722 jam
1105 2657 1149 2704 est
1173 2647 1247 2703 hunc
1271 2646 1358 2703 luisse
1382 2648 1508 2704 auctoris

362 2744 503 2811 animum,
527 2753 559 2800 ut
580 2744 657 2800 varia
678 2743 788 2799 alierret
810 2750 970 2815 argumenta
993 2739 1095 2811 quibus
1120 2734 1279 2792 Corinthios
1300 2735 1449 2791 adduceret
1469 2737 1508 2792 ad

362 2841 488 2890 mutuam
506 2849 602 2904 pacem
617 2843 645 2889 et
658 2833 782 2890 ecclcsiae
797 2832 931 2888 unitatem
947 2828 1091 2886 fovendam
1106 2825 1339 2896 servandamque3
1353 2824 1426 2897 quod
1441 2826 1508 2896 qui-

362 2922 426 2978 dem
442 2923 520 2979 breui
536 2923 617 2979 nohis
634 2923 747 2979 uberius
766 2920 912 2977 constabit.

401 3012 538 3067 Plurimos
551 3027 618 3067 saue
629 3027 730 3083 casque
743 3009 919 3083 gravissimas
932 3015 1028 3063 auctor
1042 3005 1269 3068 admirationes,
1284 3013 1344 3059 turn
1358 3019 1391 3058 ex
1407 3019 1506 3062 eorum

363 3099 513 3172 praeteritis
537 3101 661 3157 moribus
685 3116 717 3156 ac
742 3098 885 3165 felicitate,
915 3107 974 3153 tum
1007 3112 1041 3152 ex
1065 3095 1154 3168 ipsius
1183 3092 1325 3166 religionis
1352 3094 1445 3149 indole
1471 3110 1507 3152 ac

362 3204 448 3261 scopo
463 3188 574 3257 ductas,
594 3190 695 3262 quibus
708 3188 912 3245 Corinthiorum
924 3187 1049 3243 ecclesiae
1061 3185 1184 3242 membra
1202 3192 1309 3239 moreat
1328 3183 1363 3238 ad
1380 3184 1506 3241 schisma

361 3280 573 3351 depellendum;
595 3282 654 3336 haec
674 3288 768 3335 autem
797 3294 848 3334 ceu
868 3277 1013 3333 minusad
1037 3291 1097 3331 rem
1120 3282 1242 3330 nostram
1265 3274 1417 3344 spectantia
1437 3274 1507 3331 mit·

362 3370 466 3435 timus,
489 3378 520 3424 ut
542 3370 636 3426 statim
655 3385 686 3426 ea
708 3385 769 3440 quae
788 3368 860 3424 circa
883 3367 1072 3442 magisterium
1095 3373 1122 3420 et
1144 3373 1286 3435 pastorum
1308 3363 1507 3420 auctoritatem

363 3459 447 3514 tradit
468 3458 659 3530 inspiciamus.
682 3457 753 3515 lllud
772 3473 837 3514 vero
855 3466 1049 3531 argumentum
1067 3469 1092 3509 c.
1110 3453 1196 3509 ti-th
1216 3453 1392 3525 potissimum
1409 3464 1507 3512 versat

361 3545 502 3613 Clemeus;
521 3547 643 3619 adeoque
662 3547 691 3604 in
712 3549 774 3606 istis
794 3550 935 3622 paulisper
950 3549 1131 3603 immoremur
1140 3555 1256 3618 oportet.

400 3635 535 3704 Quocirca
550 3648 580 3694 ut
593 3639 755 3696 obedientiae
767 3656 799 3696 ac
814 3640 994 3711 subjectionis
1011 3636 1204 3693 necessitatem
1220 3634 1347 3691 fidelibus
1361 3651 1506 3693 commen-

364 3725 422 3789 det,
437 3726 580 3782 exorditur
594 3725 632 3801 (c.
647 3726 696 3802 57)
709 3738 901 3804 argumentum
914 3727 1038 3785 ducendo
1051 3743 1066 3782 a
1080 3727 1251 3798 subjectione
1260 3742 1323 3797 quae
1336 3725 1364 3781 in
1378 3727 1505 3784 exercitu

364 3815 485 3872 militum
502 3818 640 3886 cernitur,
654 3819 701 3874 uhi
721 3819 839 3891 quisque
854 3819 932 3874 ducis
949 3817 993 3873 sui
1014 3816 1140 3872 mandata
1161 3815 1282 3889 peragit;
1304 3815 1371 3870 item
1395 3831 1410 3870 a
1430 3816 1505 3874 miro

365 3905 522 3962 illoordine
536 3909 625 3979 quiin
644 3910 766 3965 humano
784 3923 898 3979 corpore
913 3907 1097 3977 conspicitur,
1115 3905 1144 3959 in
1160 3920 1214 3976 quo
1227 3919 1326 3976 nempe
1339 3919 1394 3959 non
1412 3905 1504 3975 quod-

364 3995 432 4052 libet
458 3998 614 4053 membrum
641 4008 722 4071 caput
744 4008 804 4064 est,
827 3998 876 4053 sed
897 3996 1025 4068 quodque
1056 3996 1147 4052 locum
1172 4010 1254 4050 snum
1280 4002 1357 4050 tenet
1379 4003 1407 4049 et
1435 4009 1503 4050 cum

363 4086 479 4157 reliquis
499 4087 656 4144 arctissimo
673 4086 784 4143 viuculo
802 4101 903 4141 nexum
921 4086 1133 4158 colligatumque
1153 4093 1295 4156 permanet
1314 4099 1321 4138 :
1343 4082 1504 4141 «Servetur

364 4174 471 4246 itaque,
485 4175 624 4232 concludit
636 4185 743 4242 auctor,
758 4190 858 4246 corpus
870 4185 997 4231 nostrum
1009 4174 1037 4229 in
1051 4172 1160 4231 Christo
1172 4174 1255 4241 lesu,
1269 4183 1298 4230 et
1309 4174 1503 4246 unusquisque

363 4265 488 4336 proximo
503 4281 554 4322 suo
573 4265 736 4338 subjiciatur
752 4263 829 4335 juxta
844 4265 970 4321 ordinem
989 4265 1017 4321 lu
1035 4280 1089 4336 quo
1108 4281 1157 4338 per
1175 4264 1292 4340 gratiam
1310 4265 1372 4338 ejus
1391 4264 1501 4337 positos
