3150 5160
352 342 391 402 58
477 358 516 401 nn
530 357 569 400 us
584 357 728 401 nummus
743 358 796 413 our
812 356 883 401 rosa
899 358 989 400 nvuu
1004 356 1209 401 aeosrotrcnu
1224 357 1389 401 rnonnnnn.

349 504 443 560 aiones
456 501 657 574 Episcoporum
677 501 883 575 pervenientem
899 517 986 573 usque
1005 501 1038 557 ad
1058 517 1107 558 nos
1124 501 1291 570 iudicantes,
1305 501 1504 559 confundimus

349 610 447 651 omues
461 609 523 661 eos,
537 594 583 664 qui
597 610 708 666 quoquo
721 594 817 658 modo,
829 594 873 648 vel
888 609 936 665 per
955 593 1009 649 sibi
1027 593 1163 664 placentia
1174 636 1181 659 ,
1193 594 1237 649 vel
1255 609 1352 649 vanam
1369 594 1501 668 gloriam,

348 687 393 741 vel
412 685 628 756 perennitatem
648 694 675 741 et
694 687 794 740 malam
816 686 1001 752 sententiam,
1021 695 1205 757 praeterquam
1228 695 1336 757 oportet
1354 687 1500 760 colligunt.

348 776 392 832 Ad
415 777 487 832 hanc
512 778 584 830 enim
605 777 756 832 Ecclesiam
777 783 891 847 propter
921 780 1055 846 potiorem
1078 777 1313 847 principalitatem
1337 792 1439 830 necesse
1462 781 1503 831 est

348 882 455 922 omnen
477 870 618 922 conuenire
639 867 798 931 Ecclesiam,
820 868 873 923 hoc
894 874 950 934 est,
971 868 1084 938 eosqui
1108 875 1176 922 sunt
1198 866 1320 938 undique
1339 865 1448 932 fideles,
1469 868 1502 922 in

348 973 404 1028 qua
425 971 537 1027 semper
557 957 592 1012 ab
607 957 665 1024 his,
688 957 735 1029 qui
758 966 824 1013 sunt
845 958 987 1029 undique,
1010 966 1170 1014 conservata
1193 966 1236 1012 est
1258 972 1290 1012 ea
1315 973 1376 1028 quan
1400 966 1443 1012 est
1465 958 1503 1013 ab

349 1047 490 1118 Apostolis
502 1048 614 1103 traditio
629 1046 752 1122 (l).n—
763 1048 870 1116 Quibus
884 1049 922 1104 ita
940 1047 1114 1114 constitutis,
1130 1048 1252 1103 Irenaeus
1264 1047 1332 1102 texit
1346 1048 1502 1121 catalogum

348 1140 543 1211 episcoporum
556 1140 603 1211 qui
620 1149 682 1210 post
695 1138 722 1194 S.
738 1139 851 1194 Petrum
869 1139 1021 1194 Romanam
1039 1137 1193 1193 Ecclesiam
1210 1152 1322 1201 rexere,
1337 1146 1420 1209 atque
1439 1147 1503 1194 tan-

349 1228 412 1284 dem
431 1228 469 1283 ita
485 1229 753 1301 argumentationem
770 1227 873 1284 claudit
893 1244 899 1284 :
917 1228 1001 1283 ullae
1019 1227 1194 1283 ordinatione
1210 1235 1238 1282 et
1258 1227 1448 1292 successione,
1466 1243 1502 1283 ea

350 1335 414 1391 qnae
430 1329 473 1376 est
489 1321 524 1375 ab
538 1318 677 1391 apostolis
694 1318 723 1373 in
739 1318 861 1374 Ecclesia
879 1318 990 1373 traditio
1006 1326 1033 1373 et
1045 1317 1171 1373 veritatis
1190 1317 1356 1388 praeconatio
1374 1316 1505 1388 pervenit

353 1409 486 1480 usquead
501 1424 561 1465 noe.
576 1409 610 1465 Et
623 1417 666 1465 est
683 1408 844 1480 plenissima
864 1408 922 1464 haec
939 1408 1078 1474 ostensio,
1093 1423 1175 1462 urnam
1193 1417 1221 1463 et
1239 1407 1364 1463 eamdem
1377 1407 1503 1464 vivitica-

352 1498 449 1554 tricem
463 1498 545 1554 fidem
557 1513 632 1564 esse,
646 1514 707 1569 quae
719 1497 748 1552 in
760 1497 882 1554 Ecclesia
895 1498 929 1552 ab
943 1497 1084 1570 Apostolis
1096 1513 1186 1569 usque
1200 1513 1274 1553 nunc
1289 1497 1326 1553 sit
1339 1507 1503 1555 conservata

353 1596 382 1643 et
393 1587 494 1643 tradita
509 1587 667 1643 inveritate
684 1586 767 1660 (1).»

389 1678 478 1734 Locus
496 1680 520 1734 is
537 1678 683 1734 universus
700 1678 862 1751 gravissima
880 1676 1001 1750 proiecto
1016 1677 1127 1734 decreta
1146 1675 1236 1733 fundit
1253 1687 1280 1734 et
1298 1677 1346 1748 qui
1365 1677 1420 1733 rite
1434 1693 1501 1748 per·

353 1768 488 1840 pendatur
501 1768 649 1842 perdignus
662 1768 731 1822 mihi
744 1768 869 1835 videtum
884 1769 985 1824 mirum
999 1768 1074 1823 euim
1092 1767 1120 1822 in
1138 1766 1250 1824 modum
1265 1769 1399 1840 integram
1415 1777 1504 1838 atquc

353 1859 481 1915 omnibus
495 1859 554 1915 suis
568 1858 692 1929 partibus
705 1859 840 1929 expletam
857 1858 947 1929 prodit
960 1858 1114 1916 doctrinam
1127 1858 1162 1914 de
1175 1858 1306 1915 Ecclesiae
1321 1858 1500 1915 auctoritate.

352 1950 387 2006 Et
402 1965 468 2006 vero
490 1949 610 2020 primum
629 1948 708 2005 docet
730 1949 852 2004 lrenaeus
868 1950 912 2004 via
933 1948 1085 2020 magisterii
1107 1956 1135 2003 et
1155 1948 1329 2004 auctoritatis
1344 1947 1416 2002 tradi
1439 1962 1503 2002 ser·

352 2042 466 2112 rarique
485 2039 588 2096 Christi
610 2041 791 2112 religionem,
815 2039 1006 2111 magisterium
1029 2047 1123 2093 autem
1148 2039 1200 2093 hoc
1222 2053 1278 2093 non
1301 2038 1330 2092 in
1353 2036 1504 2108 quibusvis

352 2130 526 2195 hominibus,
539 2131 587 2187 sed
605 2131 633 2186 in
651 2131 788 2203 episcopis
808 2131 1002 2202 Apostolorum
1020 2129 1228 2185 successoribus
1248 2128 1355 2194 inesse3
1373 2137 1402 2184 et
1417 2145 1504 2200 porro

353 2221 443 2293 ipsius
460 2221 612 2294 magisterii
628 2231 755 2277 centrum
772 2232 799 2278 et
819 2231 902 2292 caput
920 2221 1049 2276 Romanae
1070 2220 1200 2276 Ecclesiae
1219 2218 1372 2273 antistitem
1391 2217 1503 2275 consis-

351 2318 420 2365 tere.
440 2308 499 2376 Qua
517 2320 609 2366 autem
627 2311 732 2366 ratione
750 2327 816 2366 vera
835 2311 959 2366 doctrina
979 2309 1106 2382 cognosci
1127 2318 1154 2365 et
1174 2324 1190 2363 a
1207 2308 1305 2379 quovis
1326 2324 1420 2363 errore
1440 2317 1504 2365 tnta

351 2401 459 2456 secerni
482 2399 601 2456 debeat?
617 2400 658 2456 hu
680 2401 748 2457 sorte
770 2402 798 2456 id
820 2401 970 2472 Scriptura
991 2410 1018 2456 et
1040 2402 1148 2471 privato
1172 2400 1308 2471 cujusque
1329 2397 1438 2469 judicio
1461 2398 1504 2455 sit

351 2489 588 2561 permittendum?
614 2492 726 2546 llimine
747 2508 828 2557 vero,
853 2492 943 2562 inquit
961 2492 1102 2556 lrenaeus3
1126 2490 1175 2545 sed
1198 2489 1233 2544 ad
1256 2505 1343 2544 unum
1368 2488 1503 2545 Ecclesiae

351 2580 541 2655 magisterium
554 2581 699 2654 exigantur
716 2590 823 2654 oportet
836 2582 962 2654 dogmata
980 2580 1100 2652 quaevis,
1116 2590 1143 2635 et
1163 2580 1187 2635 si
1205 2596 1267 2651 quae
1279 2595 1376 2635 eorum
1395 2579 1430 2635 ab
1447 2580 1503 2636 hac

350 2672 445 2744 regula
464 2672 593 2727 aberrare
615 2671 802 2743 reperiantur,
823 2673 893 2727 nihil
912 2688 1019 2744 quaeras
1041 2671 1177 2742 amplius,
1198 2671 1266 2727 tatsa
1286 2680 1353 2727 sunt
1373 2679 1401 2726 et
1421 2687 1501 2728 mera

350 2762 530 2819 delirantium
548 2763 691 2818 hominum
710 2773 876 2818 commenta.

390 2852 465 2907 lianc
488 2854 598 2920 irenaei,
620 2869 682 2925 quae
704 2864 732 2910 et
752 2854 875 2910 omniurn
898 2854 1009 2909 Patrum
1034 2862 1091 2916 est,
1114 2851 1275 2907 methodum
1298 2851 1391 2908 animo
1412 2852 1504 2923 probe

351 2950 464 2998 teneant
480 2945 601 3017 theologi
618 2945 761 3012 catholici,
780 2962 829 3010 ne,
845 2945 910 2999 dum
924 2952 1066 3015 exponunt
1083 2951 1230 2999 tuenturve
1249 2941 1414 2999 Christianae
1432 2945 1501 3000 reli-

352 3032 443 3105 gionis
461 3035 596 3105 principia
615 3042 662 3089 aut
681 3036 765 3090 etiam
783 3034 933 3106 peculiaria
954 3033 1095 3105 dogmata,
1115 3032 1143 3086 111
1163 3033 1236 3088 viam
1254 3049 1270 3087 a
1290 3042 1367 3089 recto
1388 3035 1502 3092 tramite

350 3123 546 3179 abhorrentem
562 3131 644 3194 atque
662 3124 874 3194 protestantium
891 3121 992 3196 regula
1011 3122 1233 3193 propinquiorem
1246 3123 1290 3178 rel
1307 3123 1404 3188 inscii,
1417 3134 1449 3181 ut
1467 3124 1501 3181 fit

353 3212 533 3285 quandoque,
549 3229 670 3284 unquam
685 3214 839 3268 trahantur.

389 3305 455 3360 Earn
475 3320 556 3376 porro
576 3304 728 3361 doctrinam
745 3303 880 3361 concinne
900 3318 933 3358 ae
954 3302 1095 3375 eleganter
1111 3300 1155 3356 his
1175 3301 1267 3359 verbis
1290 3304 1416 3360 evolvere
1433 3321 1499 3376 per·

353 3395 393 3469 git
410 3396 530 3452 Irenaeus
548 3411 555 3451 z
574 3395 699 3450 «Tantae
718 3394 802 3469 igitur
821 3393 994 3450 ostensiones
1016 3408 1080 3446 enm
1105 3392 1175 3457 sint,
1196 3408 1252 3447 non
1278 3402 1386 3464 oportet
1407 3394 1500 3452 adhuc

353 3500 477 3555 quaerere
493 3483 565 3557 apud
582 3484 651 3541 alios
668 3484 826 3551 veritatem,
841 3500 923 3555 quam
943 3482 1023 3538 facile
1039 3491 1081 3537 est
1098 3481 1132 3536 ab
1152 3481 1272 3538 Ecclesia
1292 3499 1417 3549 sumere,
1433 3501 1500 3542 curn

352 3575 491 3646 Apostoli,
514 3576 594 3647 quasi
616 3576 645 3631 in
670 3575 870 3646 depositorium
893 3575 982 3638 dives,
1007 3571 1171 3642 plenissime
1193 3572 1221 3627 in
1244 3589 1305 3628 eam
1328 3575 1500 3632 contulerint

353 3755 426 3812 vitm.
450 3756 515 3812 llaec
535 3764 578 3811 est
599 3756 674 3810 enim
694 3756 756 3811 vitae
774 3755 920 3822 introitus;
941 3767 1037 3810 omnes
1056 3760 1148 3807 autern
1169 3753 1269 3824 reliqui
1292 3753 1366 3810 iures
1386 3764 1500 3811 suntet

354 3846 484 3901 latrones.
508 3847 623 3918 Propter
641 3845 714 3918 quod
735 3855 842 3917 oportet
862 3846 985 3902 devitare
1004 3843 1116 3915 quidem
1140 3841 1218 3911 illos;
1239 3861 1299 3916 quae
1319 3853 1413 3901 autem
1432 3856 1499 3903 sunt

386 4016 429 4080 (t)
443 4015 499 4065 Lib.
512 4017 593 4073 ttt‚e.
606 4023 634 4077 3,
648 4023 701 4068 ni
719 4022 780 4068 etl.

386 4101 433 4163 (⁶2)
450 4116 465 4148 (t
482 4098 522 4166 Τῃ
539 4098 603 4163 αὺτῃ
624 4102 706 4163 vaiet,
730 4115 773 4148 και
799 4119 830 4167 τῃ
847 4099 912 4165 airr'q
929 4092 1022 4168 Βιδαχῃ
1045 4099 1088 4153 iare
1107 4100 1157 4151 ἀπε
1179 4117 1226 4148 των
1250 4099 1398 4151 &noneolas
1419 4098 1443 4147 in
1468 4117 1500 4164 τῃ

352 4183 472 4251 ἐκκλησεᾳ
485 4175 638 4252 παραδοσες,
657 4199 700 4233 nat
724 4201 752 4233 τε
773 4202 815 4241 της
834 4183 950 4242 &talesne
967 4199 1083 4251 κηρυγμα
1100 4181 1299 4240 tarawanensi<
1316 4181 1417 4247 ἡμας.»
1434 4183 1499 4232 ibid.

352 4270 408 4315 n.3
