3150 5160
300 367 521 411 processuum
544 368 599 412 suo
622 368 775 413 rainelmo
797 369 888 413 ulnus
910 369 1057 415 recusus.
1182 357 1239 415 ttr

97 513 251 571 rationalia
263 513 360 570 sterent
372 530 379 569 ε
391 522 473 584 atque
487 513 538 568 hac
552 514 611 587 lege
624 514 862 570 christianismum
877 514 1004 571 funditus
1017 515 1150 573 tollebant
1162 516 1242 588 eiquc

97 620 228 661 mancum
241 605 435 676 supponebant
448 602 680 659 rationalismum.

135 696 192 751 Nec
207 695 309 752 idcirco
326 696 466 751 tamenab
481 694 538 749 ullo
554 693 768 764 protestantium
782 693 907 750 damnari
918 695 982 765 jure
995 703 1137 766 poterant3
1149 694 1243 767 Scrip-

97 795 177 841 turas
193 785 310 857 quippe,
324 794 355 842 ut
367 785 461 841 coeteri
475 800 585 852 omnes,
601 800 663 840 sese
677 784 818 856 suscipere
832 784 1035 857 gloriabantur;
1050 787 1098 841 sed
1112 785 1242 857 quoniam

97 889 196 930 eurum
215 873 337 940 animus,
357 883 389 929 ut
409 884 548 945 parerat,
567 890 583 929 a
600 874 698 946 quouis
718 875 870 932 christiano
890 875 1017 949 dogmate
1035 885 1115 932 antea
1133 876 1243 934 alienus

98 965 238 1030 exstabat,
254 964 282 1020 id
302 964 372 1037 ipsis
391 966 479 1022 multo
500 967 589 1022 tutius
611 966 771 1032 videbatur,
789 966 861 1021 nibil
884 965 1074 1037 recipiendum
1093 974 1192 1038 praeter
1210 981 1243 1022 ea

97 1070 161 1125 quae
179 1055 280 1111 rationi
299 1055 393 1126 pervia
413 1055 513 1112 forent.
533 1057 567 1112 Et
586 1072 651 1113 vero
674 1058 702 1112 in
716 1056 752 1113 iis
774 1065 881 1116 tantum
901 1056 1077 1113 enuntiandis
1101 1057 1243 1129 Scriptura

98 1145 170 1216 ipsis
192 1145 265 1201 clara
286 1155 315 1202 et
336 1147 482 1218 perspicua
503 1147 776 1220 deprehendebatur,
795 1148 824 1203 in
847 1147 955 1203 coeteris
978 1147 1108 1203 omnibus
1127 1147 1244 1203 obscura

97 1245 127 1292 et
144 1237 281 1310 ambigua.
300 1236 378 1305 Quod
397 1237 422 1293 si
437 1237 613 1294 offendebant
628 1239 748 1309 aliquem
766 1238 858 1294 locum
875 1237 972 1309 inquo
991 1237 1087 1309 dogma
1105 1236 1244 1308 quoddam

98 1327 311 1399 supernaturale
331 1327 474 1398 praedicari
497 1328 660 1395 videbatur,
682 1343 739 1384 non
760 1327 822 1384 ideo
847 1327 885 1383 ibi
910 1342 925 1382 a
948 1327 1003 1383 Deo
1031 1343 1129 1398 reapse
1152 1326 1245 1383 doceri

97 1416 237 1488 ejusmodi
254 1419 351 1492 dogma
368 1420 570 1492 agnoscebant,
584 1418 634 1475 sed
651 1418 761 1474 aiebant
778 1433 852 1474 sana
866 1417 981 1473 rationis
998 1427 1166 1488 praeceptum
1182 1431 1245 1477 esse

97 1517 160 1564 tum
173 1508 360 1565 existimarea
374 1524 452 1565 sacro
465 1509 601 1581 scriptore
618 1507 772 1564 locutiones
785 1508 905 1580 tropicas
919 1516 967 1563 aut
982 1507 1065 1562 etiam
1082 1506 1245 1580 allegoricas

97 1597 188 1654 luisse
205 1599 356 1666 adhibitas,
377 1599 500 1670 adeoque
517 1598 546 1655 in
565 1598 652 1654 alium
671 1613 785 1655 sensum
800 1614 882 1670 quaro
903 1607 1002 1654 sonent
1020 1598 1083 1654 illas
1102 1613 1166 1655 esse
1188 1607 1245 1659 tra-

98 1688 216 1745 hendas.
681 1726 685 1732 ·

136 1782 168 1837 ln
181 1781 255 1836 hunc
266 1781 380 1837 modum
392 1780 427 1836 de
439 1779 532 1836 divina
546 1778 649 1835 Christi
662 1778 773 1834 Domini
787 1777 975 1838 satisfactione
988 1778 1111 1849 loquitur
1124 1778 1244 1835 Faustus

98 1871 218 1927 Socinus
237 1888 244 1927 ε
260 1871 398 1942 «Nequeo
415 1870 483 1926 satis
502 1870 613 1937 mirari,
628 1869 694 1941 quid
714 1869 749 1926 iis
769 1869 798 1924 in
818 1879 939 1925 mentem
956 1868 1077 1931 venerit,
1098 1869 1145 1940 qui
1164 1869 1245 1926 nobis

96 1963 182 2036 primi
197 1963 278 2019 istam
292 1961 508 2019 satisfactionem
521 1961 700 2028 fabricarunt,
716 1977 780 2016 cum
793 1976 825 2017 ea
838 1976 898 2032 quta
914 1959 973 2015 lieri
988 1976 1043 2016 nou
1056 1975 1137 2030 posse
1149 1969 1245 2030 aperte

95 2063 223 2122 constat,
236 2054 339 2110 divinis
352 2053 436 2109 etiam
453 2053 574 2108 oraculis
590 2067 622 2107 ea
635 2051 705 2107 sacta
719 2049 805 2107 sulsse
818 2052 849 2105 io
860 2052 974 2121 speciem
989 2049 1094 2106 diserte
1110 2058 1245 2107 attestan-

96 2145 189 2214 tibus,
207 2160 380 2216 nequaquam
400 2142 583 2198 admittantur
598 2142 644 2215 (et
661 2141 763 2198 idcirco
784 2156 861 2196 sacra
876 2141 960 2198 uerba
978 2140 1008 2195 in
1027 2140 1113 2199 aliurn
1130 2157 1244 2201 sensum

96 2250 183 2307 quam
204 2235 265 2307 ipsa
286 2242 404 2301 sonant,
427 2249 476 2305 per
500 2232 648 2293 inusitatos
670 2232 754 2288 etiam
779 2240 892 2303 tropos,
915 2232 1080 2303 quandoque
1101 2232 1242 2304 explican-

96 2322 163 2398 tur)
181 2323 239 2399 (Ι).
264 2344 279 2378 o

136 2415 232 2487 ltaque
248 2431 303 2470 non
317 2413 352 2470 ad
368 2413 523 2487 analogiam
539 2413 604 2470 odei
620 2414 821 2487 symbolorum,
839 2413 888 2471 sed
900 2415 938 2471 od
953 2415 1110 2486 aucupium
1127 2418 1246 2471 rationis

96 2504 272 2576 Scripturam
289 2505 544 2577 interpretabantur
558 2504 707 2561 Sociniani.
722 2505 811 2560 Dubio
832 2505 928 2576 procul
940 2504 997 2563 vim
1013 2521 1137 2577 persaepe
1152 2506 1245 2563 verbis

96 2597 188 2652 sacris
206 2595 376 2662 inserebant,
389 2605 418 2650 at
436 2596 561 2667 genuani
579 2605 671 2651 minen
687 2604 873 2665 protestantes
885 2605 980 2661 erant,
998 2597 1072 2667 quod
1086 2597 1194 2668 privato
1212 2603 1245 2653 ac

97 2685 244 2740 liberrimo
262 2684 368 2754 iudicio
384 2683 542 2754 Scripturas
561 2686 765 2756 explorabant:
783 2685 850 2756 quin
873 2686 973 2752 etiam,
989 2696 1109 2753 semota,
1130 2695 1160 2743 ut
1179 2703 1245 2758 pos*

97 2775 173 2830 tulat
197 2770 525 2843 pseudo-reformationis
554 2775 720 2842 methodus,
745 2776 868 2847 qualibet
893 2775 1043 2831 christiana
1070 2776 1245 2834 institutione

96 2873 166 2921 aute
187 2871 315 2933 accepta,
335 2872 432 2934 putem
452 2878 503 2936 ego
526 2863 687 2920 Socinianos
709 2881 742 2920 ex
762 2866 829 2921 solis
852 2865 1004 2937 Scripturis
1026 2866 1159 2924 adversus
1180 2884 1245 2939 pro·

98 2963 237 3012 testantes
253 2952 396 3026 theologos
412 2953 633 3026 argumentando
648 2970 760 3010 causam
776 2971 855 3010 suam
871 2956 967 3011 crebro
983 2955 1094 3012 vincere
1111 2958 1244 3029 potuisse.

147 3045 273 3116 Reliquae
294 3053 387 3100 tamen
410 3046 623 3115 protestantium
643 3055 727 3102 sectae
750 3046 912 3103 Socinianos
935 3047 1103 3104 damnabant
1125 3056 1245 3121 atquea

100 3138 191 3195 salute
208 3135 314 3192 alienos
328 3135 524 3206 predicabant.
537 3136 573 3193 dt
588 3153 642 3193 non
660 3137 698 3192 ita
712 3137 871 3193 sentiebant
888 3137 1092 3209 aliquammulti
1105 3137 1245 3205 doctores,

98 3228 165 3303 qui,
180 3237 210 3283 ut
226 3228 306 3283 modo
324 3225 483 3293 innuimus,
500 3226 574 3282 haud
589 3227 700 3299 assequi
715 3237 842 3299 poterant
858 3244 912 3301 quo
923 3228 986 3299 jure
999 3228 1073 3284 inter
1085 3237 1244 3299 protestan-

99 3330 143 3377 tes
160 3320 208 3375 alii
227 3318 296 3375 alios
313 3318 486 3374 damnarent.

128 3410 202 3466 Hinc
214 3419 306 3465 ortum
320 3417 440 3482 systema
452 3406 522 3463 lllud
535 3405 608 3478 quod
621 3407 866 3463 Latitudtuorisml
879 3407 991 3463 nomine
1003 3407 1144 3474 veniebat,
1157 3405 1245 3477 quod·

99 3501 207 3574 quein
229 3501 445 3556 eovcrsabatur
467 3508 497 3554 ut
520 3498 627 3554 nullum
650 3498 707 3554 lere
729 3499 826 3572 dogma
850 3498 1035 3553 theoreticum
1058 3498 1186 3553 omnibus
1210 3497 1244 3553 ad

99 3591 220 3648 salutem
238 3589 425 3645 necessarium
441 3590 605 3656 haberetur,
623 3589 745 3660 adeoque
762 3589 839 3645 nulla
859 3597 933 3645 secta
946 3605 962 3642 a
976 3587 1065 3643 salute
1084 3587 1245 3643 excludere-

99 3691 157 3739 tur.
171 3678 312 3736 Sententia
326 3679 373 3734 illa
386 3679 490 3736 multos
501 3679 579 3735 breui
597 3690 695 3737 nactus
713 3688 757 3736 cst
774 3689 923 3738 sectatores
938 3687 998 3736 tum
1011 3679 1040 3734 in
1054 3678 1167 3751 duglia,
1183 3688 1244 3735 tum

100 3774 132 3830 iu
145 3771 248 3838 Gallia,
265 3779 325 3826 tum
344 3771 426 3825 etiam
444 3769 473 3823 in
490 3769 645 3825 Germania.
663 3772 723 3827 Non
740 3786 837 3828 omnes
854 3780 947 3829 tamen
965 3769 1025 3841 pari
1042 3770 1129 3842 gradu
1150 3770 1245 3831 latitu-

99 3863 286 3920 dinarismum
303 3877 353 3917 seu
370 3862 585 3917 tolcrootlomuot
601 3863 765 3930 tuebantur;
782 3862 830 3918 alii
846 3862 921 3919 enim
936 3860 1062 3932 quaedam
1079 3860 1163 3918 etiam
1177 3861 1244 3934 dog·

100 3961 194 4018 mata,
221 3952 275 4008 etsi
298 3951 484 4023 paucissima,
508 3952 663 4008 necessaria
689 3953 863 4019 sentiebant,
891 3951 940 4008 sed
963 3950 1089 4024 plerique
1113 3968 1129 4007 a
1155 3953 1245 4009 salute

100 4058 275 4116 nequaquam
288 4042 472 4100 excludendos
485 4043 598 4100 aiebant
614 4057 661 4098 eos
674 4057 771 4099 omnes
784 4043 832 4114 qui
849 4042 878 4099 id
889 4040 1036 4098 crederent
1050 4050 1159 4100 tamum
1171 4040 1244 4114 quod

102 4134 158 4192 sibl
174 4135 203 4189 in
222 4134 373 4207 Scripturis
391 4135 537 4207 perspicue
552 4133 685 4190 traditum
705 4132 856 4189 uideretur.

135 4289 180 4355 (Ι)
193 4294 226 4340 bc
239 4293 337 4343 Christo
349 4297 486 4353 smoutore,
499 4290 546 4353 ΙΙΙ,
558 4308 579 4341 c.
593 4292 616 4340 7.
629 4289 745 4341 statutt.
758 4292 805 4341 l'r.
819 4292 871 4343 rot.
884 4289 906 4350 Ι,
920 4293 949 4351 2,
962 4304 988 4356 p.
1001 4292 1058 4340 acl.
