3150 5160
355 354 396 414 58
472 371 511 413 nn
525 369 564 413 ns
580 367 723 411 varamus
737 367 789 422 our
805 366 877 410 vosr
891 367 981 411 nunu
996 366 1202 412 nrosrouroun
1217 368 1383 416 nnoaunnn.

356 525 389 572 ut
407 511 548 589 magistris
569 531 626 572 non
648 511 855 585 obtemperent?
874 512 980 581 Quibus
1003 506 1091 571 oculis
1114 514 1297 572 intuebuntur
1318 530 1497 578 monumenta

356 605 486 673 Petrum,
505 622 575 678 quos
597 621 673 661 nune
692 612 792 660 vocant
808 600 972 659 haereticos?
992 601 1048 658 Cur
1064 601 1286 670 Valentinianos,
1310 604 1499 682 cataphrygas

357 705 385 752 et
407 696 572 752 Manichaeos
594 695 782 761 insectantur,
804 710 874 765 quos
896 702 988 749 autem
1011 692 1068 748 iilis
1087 693 1190 749 similia
1212 695 1289 766 loqui
1310 697 1497 765 arbitrantur,

355 796 467 842 sanctos
489 783 649 857 appellanti
671 782 766 851 Quove
790 783 853 855 jure
876 781 997 853 episcopi
1021 790 1103 837 erunt
1125 783 1193 854 ipsi,
1215 784 1239 839 si
1260 784 1295 839 ab
1317 786 1354 841 iis
1374 803 1444 858 quos
1466 796 1499 844 ut

357 876 502 932 haereticos
521 876 717 942 criminantur,
737 873 856 930 ordinati
879 871 963 929 sunt?
985 871 1063 940 Quod
1086 873 1110 929 si
1131 875 1203 929 male
1225 884 1374 932 senserunt
1392 876 1450 943 illi,
1469 886 1500 934 ct

355 965 469 1037 scriptis
494 965 554 1021 suis
576 965 672 1021 orbem
697 972 834 1019 terrarum
857 962 886 1018 in
907 976 1030 1018 errorem
1054 961 1244 1028 deduxerunt,
1269 973 1360 1020 cesset
1386 966 1501 1037 penitus

354 1071 452 1112 eorum
471 1055 604 1110 memoria
619 1071 625 1109 :
640 1062 668 1109 et
686 1053 711 1109 si
730 1053 834 1124 scripta
854 1068 950 1109 eorum
970 1052 1152 1123 abjiciantur,
1166 1054 1204 1110 ite
1219 1070 1269 1110 vos
1286 1056 1338 1126 ipsi
1357 1064 1500 1114 eteorum

355 1145 490 1216 reliquias
508 1160 543 1200 ou
561 1143 728 1200 coemeteriis
744 1143 870 1213 abjicite,
890 1152 921 1199 ut
938 1157 1035 1198 omnes
1052 1143 1223 1216 intelligant,
1240 1145 1304 1201 illos
1321 1145 1500 1212 seductores,

356 1253 406 1293 vos
419 1235 571 1308 parricidas
586 1250 658 1290 esse.
673 1234 753 1291 Certe
769 1235 871 1290 Beatus
883 1233 1032 1305 Apostolus
1043 1232 1202 1290 Corinthios
1217 1234 1310 1291 laudat
1321 1235 1367 1291 his
1382 1236 1475 1292 verbis
1490 1253 1498 1292 ε

356 1327 435 1394 Quod
449 1344 501 1397 per
517 1327 612 1381 omnio
627 1330 681 1380 met
696 1341 824 1380 memoret
842 1327 920 1388 estin
935 1331 959 1379 et
976 1324 1048 1379 sieut
1066 1324 1172 1379 tradidi
1185 1324 1277 1390 hobia,
1290 1331 1423 1396 precepto
1437 1343 1501 1382 moa

356 1421 460 1474 tenetis.
478 1417 528 1473 lsti
543 1427 636 1473 autem
649 1432 712 1471 cum
727 1416 792 1471 talia
804 1416 839 1471 de
852 1413 1005 1485 majoribus
1021 1414 1080 1470 suis
1096 1415 1232 1487 cogitent,
1246 1415 1282 1470 iis
1295 1415 1375 1487 plane
1388 1426 1501 1472 contra-

357 1509 399 1565 ria
416 1509 528 1580 populis
544 1508 637 1563 dicere
654 1506 814 1562 audebunt:
837 1520 893 1561 non
911 1519 961 1561 vos
978 1505 1123 1560 laudamus
1138 1504 1211 1575 quod
1230 1505 1342 1561 Patrum
1362 1521 1502 1563 memores

356 1600 433 1667 sitis;
450 1600 498 1656 sed
516 1599 607 1671 potius
624 1614 658 1655 eo
674 1614 724 1655 vos
742 1598 904 1669 probamus,
921 1595 993 1666 quod
1011 1611 1107 1651 eorum
1123 1597 1289 1652 traditiones
1305 1612 1360 1653 non
1377 1597 1502 1654 retinea-

358 1688 396 1744 tis
421 1686 512 1761 (ll.a
535 1686 622 1754 Quis,
644 1701 752 1758 quaeso,
776 1686 835 1740 haec
858 1687 1016 1760 perlegens,
1039 1686 1094 1741 non
1117 1685 1234 1743 fateatur
1255 1686 1438 1742 Athanasium
1459 1688 1501 1743 ita

357 1777 516 1834 traditionis
532 1776 662 1833 methodo
676 1777 832 1840 adhaerere,
847 1775 920 1830 utin
934 1776 1151 1849 indignationem
1165 1785 1244 1831 actus
1254 1791 1368 1846 eantque
1378 1777 1503 1847 amplius

358 1869 450 1923 animo
472 1868 603 1923 cohibere
624 1867 774 1938 nequiens,
798 1864 826 1921 in
849 1865 998 1922 acerrimas
1022 1866 1134 1922 tandem
1156 1866 1343 1936 querimonias
1371 1875 1503 1937 erumpat

357 1959 491 2016 adversus
504 1975 552 2016 eos
565 1959 613 2031 qui
625 1958 779 2015 doctrinam
795 1973 811 2012 a
829 1957 958 2013 Patribus
973 1966 1112 2029 acceptam
1130 1958 1271 2014 criminari
1285 1973 1339 2014 non
1351 1957 1501 2014 verentur!

393 2050 483 2120 Atque
502 2049 530 2105 id
550 2050 636 2121 probe
657 2048 875 2112 animadvertas,
894 2048 992 2115 veiim,
1010 2057 1122 2104 auctore
1140 2046 1305 2111 Athanasio,
1324 2063 1503 2120 nequaquam

357 2156 407 2211 pro
422 2141 532 2196 diversa
548 2155 601 2211 qua
618 2139 764 2195 floruerint
782 2147 862 2194 aetate
879 2139 1061 2195 extollendam
1081 2147 1129 2194 aut
1150 2138 1312 2193 elevandam
1330 2152 1363 2192 ac
1382 2137 1504 2195 minoris

356 2231 547 2286 aestimandam
562 2231 676 2286 Patrum
693 2229 903 2294 auctoritatem,
918 2243 1007 2284 mnata
1020 2231 1108 2294 caim,
1122 2228 1177 2294 ait,
1191 2228 1285 2282 Patres
1298 2232 1373 2282 aaut.
1387 2226 1505 2284 Scilicet

361 2336 416 2376 non
431 2321 455 2376 is
465 2330 508 2376 est
521 2320 688 2376 Athanasius
702 2319 763 2390 qui,
774 2320 955 2390 quorumdam
965 2319 1152 2375 recentiorum
1165 2334 1256 2384 more,
1267 2318 1357 2374 varias
1368 2319 1397 2373 in
1408 2319 1506 2376 Ecclc

361 2409 411 2465 siau
426 2410 482 2466 vita
502 2410 654 2484 distinguat
670 2418 780 2476 aetates,
794 2423 911 2480 quarum
927 2410 989 2464 aliae
1005 2409 1161 2481 puriorem,
1177 2409 1237 2463 alim
1253 2409 1348 2464 minus
1365 2408 1505 2482 integram

360 2502 511 2573 minusque
533 2501 776 2557 incontaminatam
799 2508 926 2555 tenerent
943 2499 1096 2556 doctrinam
1114 2515 1120 2554 :
1141 2514 1237 2555 verum
1260 2499 1402 2555 enimvero
1425 2500 1505 2570 ipse,

360 2591 592 2663 quemadmodum
612 2599 640 2647 et
659 2589 759 2660 reliqui
777 2590 874 2644 Patres
893 2605 1002 2658 omneS,
1022 2589 1174 2646 Ecclesiam
1188 2589 1271 2645 habet
1289 2599 1320 2646 ut
1339 2599 1506 2662 perpetuam

359 2697 392 2738 ac
408 2682 615 2751 iradesoctibitem
633 2681 759 2755 veritatis
777 2679 951 2752 magistram
972 2697 1063 2753 neque
1081 2682 1111 2737 id
1128 2682 1156 2737 in
1172 2691 1295 2736 mentem
1310 2682 1422 2752 quidem
1439 2683 1506 2753 ejus

360 2771 471 2839 incidit,
489 2771 640 2827 Ecclesiam
657 2770 712 2825 labi
728 2778 776 2825 aut
793 2769 821 2822 in
840 2783 933 2825 errore
949 2772 1055 2827 versari
1073 2787 1196 2843 unquam
1210 2787 1301 2843 posse.
1316 2770 1507 2839 Quamobrem

358 2859 439 2916 docet
454 2861 607 2917 doctrinam
624 2876 720 2917 eorum
738 2870 798 2916 tum
816 2861 864 2932 qui
881 2862 1032 2934 superiori,
1049 2871 1108 2919 tum
1126 2862 1174 2933 qui
1192 2863 1314 2933 sequiori
1330 2879 1388 2919 aevo
1407 2864 1507 2922 vixere

359 2959 388 3006 et
403 2951 536 3007 Ecclesiae
557 2966 703 3024 personam
730 2966 860 3024 gessere,
883 2967 960 3023 aeque
983 2968 1078 3008 veram
1101 2968 1134 3008 ae
1156 2952 1289 3026 integram
1315 2955 1349 3009 ab
1372 2954 1508 3012 omnibus

358 3040 461 3097 Christi
484 3041 611 3097 iidelibus
633 3058 695 3098 esse
714 3042 868 3097 habendam
887 3058 894 3097 ε
914 3045 1027 3099 traditio
1049 3058 1190 3113 nunquam
1213 3042 1318 3098 fallitur
1337 3059 1388 3098 nec
1406 3042 1508 3102 fallere

359 3139 460 3203 potest.
479 3130 571 3198 Quum
587 3131 660 3187 enim
675 3140 868 3187 asseverarent
883 3131 977 3188 Ariani
995 3135 1091 3190 Patres
1108 3133 1181 3188 inter
1196 3148 1226 3188 se
1241 3133 1413 3204 discrepare,
1429 3135 1507 3205 quod

359 3221 471 3278 Nicaena
489 3222 610 3295 synodus
627 3221 772 3294 probasset
790 3236 885 3277 vocem
904 3225 1034 3292 ὸμοουσιος
1051 3232 1132 3278 antea
1150 3238 1166 3277 a
1185 3224 1302 3279 concilio
1320 3223 1507 3282 Antiochensi

361 3313 390 3368 in
415 3329 498 3369 causa
524 3312 602 3368 Pauli
627 3312 798 3368 Samosateni
820 3311 995 3378 damnatam,
1019 3312 1168 3384 respondet
1188 3313 1357 3370 Athanasius
1380 3331 1387 3370 :
1412 3317 1507 3374 «Non

359 3403 439 3459 decet
452 3404 515 3459 illos
528 3419 592 3458 cum
606 3402 650 3458 his
664 3402 836 3458 committere
851 3418 857 3457 :
873 3417 969 3459 onmes
983 3404 1056 3459 enim
1069 3405 1165 3459 Patres
1179 3412 1257 3470 sunt,
1273 3420 1362 3475 nequae
1374 3416 1507 3463 sanctum

360 3504 436 3550 osset
448 3493 564 3550 dctinire
574 3495 626 3549 hos
639 3493 740 3564 probe,
750 3492 814 3548 illos
829 3492 899 3548 male
912 3495 1019 3557 locutos
1032 3509 1094 3550 osse
1105 3511 1111 3550 :
1123 3510 1221 3550 omnes
1233 3495 1335 3565 quippe
1348 3494 1376 3549 in
1390 3494 1508 3554 Christo

361 3583 570 3639 obdormierunt
587 3581 734 3657 (quoniam
748 3599 847 3653 nempe
858 3583 886 3636 in
903 3583 1033 3638 Ecclesiae
1047 3582 1101 3638 tide
1114 3583 1216 3638 mortui
1232 3582 1324 3656 sunt).
1339 3582 1509 3655 Disceptan-

360 3675 428 3730 dum
442 3691 523 3746 porro
536 3690 591 3730 non
604 3683 660 3739 est,
674 3689 764 3744 neque
776 3688 911 3728 numerus
924 3673 1108 3730 conserendus
1122 3673 1245 3730 virorum
1258 3674 1305 3744 qui
1319 3674 1407 3729 coacti
1422 3686 1506 3744 sunt,

362 3781 398 3820 ne
415 3766 561 3823 videantur
579 3764 696 3820 trecenti
716 3763 756 3817 illi
776 3762 921 3833 pauciores
941 3765 1104 3830 obscurare,
1124 3780 1208 3834 oeque
1226 3771 1348 3834 temporo
1366 3766 1509 3822 metienda

359 3860 439 3921 aaut,
457 3872 490 3909 tte
508 3856 556 3925 qui
573 3869 731 3924 processere
747 3854 932 3923 subsequentes
953 3864 1131 3910 eauactorure
1146 3860 1288 3925 putentur.
1306 3853 1402 3909 Oroates
1415 3857 1507 3923 euim,

362 3954 494 4016 utsupra
515 3946 621 4001 dietum
644 3954 702 4012 est,
723 3945 818 4000 Patres
839 3949 903 3998 aaut
928 3944 1013 4019 (hta
1033 3946 1121 4001 —Et
1140 3961 1168 4000 n.
1188 3946 1224 4001 d'l
1244 3945 1369 4002 eamdem
1388 3961 1508 4004 causam

392 4127 437 4190 (t)
450 4127 512 4176 rota.
527 4142 554 4175 n.
567 4129 612 4184 ra,
628 4129 668 4175 tt.

393 4210 441 4274 (Ξ)
456 4225 470 4258 ((
482 4205 628 4276 Συγκρουειν
647 4224 689 4273 μιν
706 4223 754 4274 γαρ
771 4222 871 4262 τουτους
888 4224 947 4276 προς
965 4206 1068 4266 ἐκεινους
1093 4205 1210 4274 stupeatur·
1227 4220 1316 4263 παντες
1330 4221 1379 4273 γαρ
1398 4205 1445 4254 siut
1457 4225 1512 4257 πα.

358 4307 441 4357 rapae·
458 4281 589 4357 htoaptvatv
603 4280 630 4337 t·
646 4294 735 4351 rehtu,
754 4289 786 4349 ὠς
806 4287 875 4340 οὑτοι
892 4308 934 4355 μεν
951 4294 1049 4351 autur,
1067 4289 1153 4339 iaatvot
1164 4281 1191 4337 δε
1203 4283 1344 4338 τόυναντιον
1363 4287 1511 4356 siphacem,
