<?xml version="1.0" encoding="UTF-8"?>
<!DOCTYPE html PUBLIC "-//W3C//DTD XHTML 1.0 Transitional//EN"
    "http://www.w3.org/TR/xhtml1/DTD/xhtml1-transitional.dtd">
<html xmlns="http://www.w3.org/1999/xhtml" xml:lang="en" lang="en">
 <head>
  <title>
</title>
<meta http-equiv="Content-Type" content="text/html;charset=utf-8" />
  <meta name='ocr-system' content='tesseract 3.04.00' />
  <meta name='ocr-capabilities' content='ocr_page ocr_carea ocr_par ocr_line ocrx_word'/>
</head>
<body>
  <div class='ocr_page' id='page_1' title='image "./dissertatiohist00lafogoog_0198.png"; bbox 0 0 3166 5168; ppageno 0'>
   <div class='ocr_carea' id='block_1_1' title="bbox 254 345 1216 405">
    <p class='ocr_par' dir='ltr' id='par_1_1' title="bbox 254 345 1216 405">
     <span class='ocr_line' id='line_1_1' title="bbox 254 345 1216 405; baseline 0.005 -5"><span class='ocrx_word' id='word_1_1' title='bbox 254 356 469 402; x_wconf 74' lang='lat' dir='ltr'><strong>AUCTORlTthS</strong></span> <span class='ocrx_word' id='word_1_2' title='bbox 490 358 510 399; x_wconf 79' lang='grc' dir='ltr'><strong>Α</strong></span> <span class='ocrx_word' id='word_1_3' title='bbox 531 356 656 400; x_wconf 81' lang='lat' dir='ltr'>CHRISTO</span> <span class='ocrx_word' id='word_1_4' title='bbox 678 355 815 400; x_wconf 77' lang='lat' dir='ltr'>CONDITAE</span> <span class='ocrx_word' id='word_1_5' title='bbox 836 355 1031 400; x_wconf 72' lang='lat' dir='ltr'><strong>oueaulsuus</strong></span> <span class='ocrx_word' id='word_1_6' title='bbox 1157 345 1216 405; x_wconf 69' lang='lat'><strong>185</strong></span> 
     </span>
    </p>
   </div>
   <div class='ocr_carea' id='block_1_2' title="bbox 69 500 1220 3288">
    <p class='ocr_par' dir='ltr' id='par_1_2' title="bbox 69 500 1220 2378">
     <span class='ocr_line' id='line_1_2' title="bbox 69 500 1218 576; baseline 0.004 -17"><span class='ocrx_word' id='word_1_7' title='bbox 69 512 175 560; x_wconf 85' lang='lat' dir='ltr'><strong>matus.</strong></span> <span class='ocrx_word' id='word_1_8' title='bbox 196 502 257 559; x_wconf 92' lang='lat' dir='ltr'><strong>Nisi</strong></span> <span class='ocrx_word' id='word_1_9' title='bbox 275 503 350 560; x_wconf 90' lang='lat' dir='ltr'><strong>euim</strong></span> <span class='ocrx_word' id='word_1_10' title='bbox 369 503 442 560; x_wconf 91' lang='lat' dir='ltr'><strong>inter</strong></span> <span class='ocrx_word' id='word_1_11' title='bbox 461 502 607 574; x_wconf 92' lang='lat' dir='ltr'><strong>episcopos</strong></span> <span class='ocrx_word' id='word_1_12' title='bbox 623 500 725 573; x_wconf 92' lang='lat' dir='ltr'><strong>aliquis</strong></span> <span class='ocrx_word' id='word_1_13' title='bbox 742 510 938 576; x_wconf 80' lang='lat' dir='ltr'>agnosceretur</span> <span class='ocrx_word' id='word_1_14' title='bbox 959 504 1067 560; x_wconf 90' lang='lat' dir='ltr'><strong>caeteris</strong></span> <span class='ocrx_word' id='word_1_15' title='bbox 1089 505 1218 564; x_wconf 88' lang='lat' dir='ltr'><strong>omnibus</strong></span> 
     </span>
     <span class='ocr_line' id='line_1_3' title="bbox 69 589 1217 667; baseline 0.002 -19"><span class='ocrx_word' id='word_1_16' title='bbox 69 592 208 666; x_wconf 78' lang='lat' dir='ltr'><strong>dignitate</strong></span> <span class='ocrx_word' id='word_1_17' title='bbox 221 602 305 664; x_wconf 91' lang='lat' dir='ltr'><strong>atque</strong></span> <span class='ocrx_word' id='word_1_18' title='bbox 318 593 482 650; x_wconf 90' lang='lat' dir='ltr'><strong>auctoritate</strong></span> <span class='ocrx_word' id='word_1_19' title='bbox 502 601 652 664; x_wconf 91' lang='lat' dir='ltr'><strong>praestans,</strong></span> <span class='ocrx_word' id='word_1_20' title='bbox 666 589 812 646; x_wconf 91' lang='lat' dir='ltr'><strong>tolleretur</strong></span> <span class='ocrx_word' id='word_1_21' title='bbox 830 590 960 646; x_wconf 77' lang='lat' dir='ltr'>Ecclesiae</span> <span class='ocrx_word' id='word_1_22' title='bbox 975 591 1079 660; x_wconf 91' lang='lat' dir='ltr'><strong>unitas,</strong></span> <span class='ocrx_word' id='word_1_23' title='bbox 1098 609 1149 649; x_wconf 93' lang='lat' dir='ltr'><strong>nec</strong></span> <span class='ocrx_word' id='word_1_24' title='bbox 1159 595 1217 667; x_wconf 84' lang='lat' dir='ltr'><strong>jam</strong></span> 
     </span>
     <span class='ocr_line' id='line_1_4' title="bbox 70 682 1217 757; baseline 0.002 -19"><span class='ocrx_word' id='word_1_25' title='bbox 70 692 164 739; x_wconf 87' lang='lat' dir='ltr'><strong>totum</strong></span> <span class='ocrx_word' id='word_1_26' title='bbox 186 684 324 755; x_wconf 85' lang='lat' dir='ltr'>quoddam</span> <span class='ocrx_word' id='word_1_27' title='bbox 347 682 513 757; x_wconf 90' lang='lat' dir='ltr'><strong>perfectum,</strong></span> <span class='ocrx_word' id='word_1_28' title='bbox 536 682 584 737; x_wconf 90' lang='lat' dir='ltr'><strong>sed</strong></span> <span class='ocrx_word' id='word_1_29' title='bbox 603 682 763 737; x_wconf 89' lang='lat' dir='ltr'><strong>innumeras</strong></span> <span class='ocrx_word' id='word_1_30' title='bbox 786 695 871 752; x_wconf 82' lang='lat' dir='ltr'>prope</span> <span class='ocrx_word' id='word_1_31' title='bbox 892 690 984 751; x_wconf 89' lang='lat' dir='ltr'><strong>partes</strong></span> <span class='ocrx_word' id='word_1_32' title='bbox 1006 698 1022 736; x_wconf 92' lang='lat' dir='ltr'><strong>a</strong></span> <span class='ocrx_word' id='word_1_33' title='bbox 1045 698 1076 738; x_wconf 89' lang='lat' dir='ltr'><strong>se</strong></span> <span class='ocrx_word' id='word_1_34' title='bbox 1098 684 1217 740; x_wconf 90' lang='lat' dir='ltr'><strong>invicem</strong></span> 
     </span>
     <span class='ocr_line' id='line_1_5' title="bbox 70 768 1218 846; baseline 0 -15"><span class='ocrx_word' id='word_1_35' title='bbox 70 774 227 846; x_wconf 82' lang='lat' dir='ltr'><strong>disjunctas</strong></span> <span class='ocrx_word' id='word_1_36' title='bbox 244 773 359 831; x_wconf 77' lang='lat' dir='ltr'><strong>referret</strong></span> <span class='ocrx_word' id='word_1_37' title='bbox 371 773 587 830; x_wconf 89' lang='lat' dir='ltr'><strong>christianorum</strong></span> <span class='ocrx_word' id='word_1_38' title='bbox 601 771 717 828; x_wconf 85' lang='lat' dir='ltr'><strong>societas</strong></span> <span class='ocrx_word' id='word_1_39' title='bbox 733 768 795 844; x_wconf 80' lang='lat' dir='ltr'><strong>(l).</strong></span> <span class='ocrx_word' id='word_1_40' title='bbox 812 769 884 837; x_wconf 85' lang='lat' dir='ltr'><strong>Quin</strong></span> <span class='ocrx_word' id='word_1_41' title='bbox 899 771 981 826; x_wconf 89' lang='lat' dir='ltr'><strong>etiam</strong></span> <span class='ocrx_word' id='word_1_42' title='bbox 997 771 1115 829; x_wconf 91' lang='lat' dir='ltr'><strong>inomni</strong></span> <span class='ocrx_word' id='word_1_43' title='bbox 1130 775 1218 831; x_wconf 92' lang='lat' dir='ltr'><strong>socie-</strong></span> 
     </span>
     <span class='ocr_line' id='line_1_6' title="bbox 71 859 1219 937; baseline 0.001 -17"><span class='ocrx_word' id='word_1_44' title='bbox 71 872 132 920; x_wconf 89' lang='lat' dir='ltr'><strong>tate</strong></span> <span class='ocrx_word' id='word_1_45' title='bbox 151 864 207 920; x_wconf 83' lang='lat' dir='ltr'><strong>dun</strong></span> <span class='ocrx_word' id='word_1_46' title='bbox 219 864 320 936; x_wconf 92' lang='lat' dir='ltr'><strong>aliquis</strong></span> <span class='ocrx_word' id='word_1_47' title='bbox 334 872 382 919; x_wconf 92' lang='lat' dir='ltr'><strong>aut</strong></span> <span class='ocrx_word' id='word_1_48' title='bbox 395 879 444 919; x_wconf 83' lang='lat' dir='ltr'><strong>rex</strong></span> <span class='ocrx_word' id='word_1_49' title='bbox 456 863 530 920; x_wconf 87' lang='lat' dir='ltr'><strong>adsit</strong></span> <span class='ocrx_word' id='word_1_50' title='bbox 546 869 668 934; x_wconf 92' lang='lat' dir='ltr'><strong>oportet,</strong></span> <span class='ocrx_word' id='word_1_51' title='bbox 683 876 773 932; x_wconf 91' lang='lat' dir='ltr'><strong>neque</strong></span> <span class='ocrx_word' id='word_1_52' title='bbox 788 859 856 916; x_wconf 91' lang='lat' dir='ltr'><strong>alias</strong></span> <span class='ocrx_word' id='word_1_53' title='bbox 870 861 926 915; x_wconf 89' lang='lat' dir='ltr'><strong>ulla</strong></span> <span class='ocrx_word' id='word_1_54' title='bbox 943 862 987 916; x_wconf 83' lang='lat' dir='ltr'><strong>vel</strong></span> <span class='ocrx_word' id='word_1_55' title='bbox 1000 862 1091 919; x_wconf 91' lang='lat' dir='ltr'><strong>animo</strong></span> <span class='ocrx_word' id='word_1_56' title='bbox 1112 865 1219 937; x_wconf 89' lang='lat' dir='ltr'><strong>concipi</strong></span> 
     </span>
     <span class='ocr_line' id='line_1_7' title="bbox 75 950 1220 1028; baseline 0 -16"><span class='ocrx_word' id='word_1_57' title='bbox 75 964 170 1028; x_wconf 89' lang='lat' dir='ltr'><strong>potest</strong></span> <span class='ocrx_word' id='word_1_58' title='bbox 183 954 315 1022; x_wconf 90' lang='lat' dir='ltr'><strong>societas;</strong></span> <span class='ocrx_word' id='word_1_59' title='bbox 330 970 380 1010; x_wconf 90' lang='lat' dir='ltr'><strong>cur</strong></span> <span class='ocrx_word' id='word_1_60' title='bbox 393 969 458 1027; x_wconf 85' lang='lat' dir='ltr'><strong>ergo</strong></span> <span class='ocrx_word' id='word_1_61' title='bbox 470 953 599 1010; x_wconf 85' lang='lat' dir='ltr'><strong>Christus</strong></span> <span class='ocrx_word' id='word_1_62' title='bbox 615 968 699 1007; x_wconf 90' lang='lat' dir='ltr'><strong>unam</strong></span> <span class='ocrx_word' id='word_1_63' title='bbox 712 952 836 1009; x_wconf 91' lang='lat' dir='ltr'><strong>omnium</strong></span> <span class='ocrx_word' id='word_1_64' title='bbox 854 950 1082 1022; x_wconf 79' lang='lat' dir='ltr'><strong>perfectissimam</strong></span> <span class='ocrx_word' id='word_1_65' title='bbox 1097 954 1220 1012; x_wconf 92' lang='lat' dir='ltr'><strong>condens</strong></span> 
     </span>
     <span class='ocr_line' id='line_1_8' title="bbox 73 1040 1220 1116; baseline -0.002 -14"><span class='ocrx_word' id='word_1_66' title='bbox 73 1045 251 1113; x_wconf 88' lang='lat' dir='ltr'><strong>societatem,</strong></span> <span class='ocrx_word' id='word_1_67' title='bbox 265 1046 364 1101; x_wconf 89' lang='lat' dir='ltr'><strong>ducem</strong></span> <span class='ocrx_word' id='word_1_68' title='bbox 380 1044 470 1100; x_wconf 91' lang='lat' dir='ltr'><strong>eidem</strong></span> <span class='ocrx_word' id='word_1_69' title='bbox 491 1059 546 1100; x_wconf 93' lang='lat' dir='ltr'><strong>non</strong></span> <span class='ocrx_word' id='word_1_70' title='bbox 565 1040 754 1115; x_wconf 74' lang='lat' dir='ltr'><strong>praefecisset?</strong></span> <span class='ocrx_word' id='word_1_71' title='bbox 773 1043 861 1098; x_wconf 86' lang='lat' dir='ltr'><strong>Dubio</strong></span> <span class='ocrx_word' id='word_1_72' title='bbox 881 1043 976 1114; x_wconf 93' lang='lat' dir='ltr'><strong>procul</strong></span> <span class='ocrx_word' id='word_1_73' title='bbox 997 1042 1050 1100; x_wconf 92' lang='lat' dir='ltr'><strong>nisi</strong></span> <span class='ocrx_word' id='word_1_74' title='bbox 1071 1044 1097 1100; x_wconf 91' lang='lat' dir='ltr'><strong>id</strong></span> <span class='ocrx_word' id='word_1_75' title='bbox 1112 1045 1220 1116; x_wconf 85' lang='lat' dir='ltr'><strong>praesti-</strong></span> 
     </span>
     <span class='ocr_line' id='line_1_9' title="bbox 70 1133 1220 1204; baseline 0.001 -13"><span class='ocrx_word' id='word_1_76' title='bbox 70 1135 169 1200; x_wconf 89' lang='lat' dir='ltr'><strong>tissct,</strong></span> <span class='ocrx_word' id='word_1_77' title='bbox 197 1134 291 1190; x_wconf 91' lang='lat' dir='ltr'><strong>minus</strong></span> <span class='ocrx_word' id='word_1_78' title='bbox 314 1134 445 1191; x_wconf 78' lang='lat' dir='ltr'><strong>Ecclesiae</strong></span> <span class='ocrx_word' id='word_1_79' title='bbox 473 1148 530 1189; x_wconf 92' lang='lat' dir='ltr'><strong>suae</strong></span> <span class='ocrx_word' id='word_1_80' title='bbox 556 1142 690 1189; x_wconf 82' lang='lat' dir='ltr'><strong>aeternum</strong></span> <span class='ocrx_word' id='word_1_81' title='bbox 718 1133 927 1204; x_wconf 84' lang='lat' dir='ltr'><strong>perseverandae</strong></span> <span class='ocrx_word' id='word_1_82' title='bbox 952 1134 1126 1190; x_wconf 91' lang='lat' dir='ltr'><strong>cousuluisse</strong></span> <span class='ocrx_word' id='word_1_83' title='bbox 1150 1134 1220 1192; x_wconf 90' lang='lat' dir='ltr'><strong>foret</strong></span> 
     </span>
     <span class='ocr_line' id='line_1_10' title="bbox 71 1222 1218 1297; baseline 0.001 -16"><span class='ocrx_word' id='word_1_84' title='bbox 71 1225 218 1282; x_wconf 89' lang='lat' dir='ltr'><strong>dicendus.</strong></span> <span class='ocrx_word' id='word_1_85' title='bbox 237 1227 273 1281; x_wconf 90' lang='lat' dir='ltr'><strong>Et</strong></span> <span class='ocrx_word' id='word_1_86' title='bbox 289 1242 354 1282; x_wconf 89' lang='lat' dir='ltr'><strong>vero</strong></span> <span class='ocrx_word' id='word_1_87' title='bbox 367 1240 400 1281; x_wconf 88' lang='lat' dir='ltr'><strong>ea</strong></span> <span class='ocrx_word' id='word_1_88' title='bbox 415 1225 551 1297; x_wconf 82' lang='lat' dir='ltr'><strong>primatus</strong></span> <span class='ocrx_word' id='word_1_89' title='bbox 570 1224 721 1280; x_wconf 86' lang='lat' dir='ltr'><strong>necessitas</strong></span> <span class='ocrx_word' id='word_1_90' title='bbox 736 1237 825 1295; x_wconf 92' lang='lat' dir='ltr'><strong>usque</strong></span> <span class='ocrx_word' id='word_1_91' title='bbox 844 1224 912 1280; x_wconf 92' lang='lat' dir='ltr'><strong>adeo</strong></span> <span class='ocrx_word' id='word_1_92' title='bbox 932 1222 1076 1280; x_wconf 89' lang='lat' dir='ltr'><strong>manifesta</strong></span> <span class='ocrx_word' id='word_1_93' title='bbox 1089 1233 1218 1296; x_wconf 88' lang='lat' dir='ltr'><strong>apparet,</strong></span> 
     </span>
     <span class='ocr_line' id='line_1_11' title="bbox 72 1314 1218 1388; baseline 0 -17"><span class='ocrx_word' id='word_1_94' title='bbox 72 1315 259 1386; x_wconf 89' lang='lat' dir='ltr'><strong>omnibusque</strong></span> <span class='ocrx_word' id='word_1_95' title='bbox 274 1325 333 1371; x_wconf 91' lang='lat' dir='ltr'><strong>tum</strong></span> <span class='ocrx_word' id='word_1_96' title='bbox 348 1315 548 1372; x_wconf 87' lang='lat' dir='ltr'><strong>christianismi</strong></span> <span class='ocrx_word' id='word_1_97' title='bbox 562 1325 622 1371; x_wconf 89' lang='lat' dir='ltr'><strong>turn</strong></span> <span class='ocrx_word' id='word_1_98' title='bbox 633 1314 797 1387; x_wconf 81' lang='lat' dir='ltr'><strong>cujusquam</strong></span> <span class='ocrx_word' id='word_1_99' title='bbox 811 1315 952 1371; x_wconf 89' lang='lat' dir='ltr'><strong>societatis</strong></span> <span class='ocrx_word' id='word_1_100' title='bbox 966 1314 1053 1370; x_wconf 90' lang='lat' dir='ltr'><strong>indoli</strong></span> <span class='ocrx_word' id='word_1_101' title='bbox 1067 1330 1098 1370; x_wconf 93' lang='lat' dir='ltr'><strong>ac</strong></span> <span class='ocrx_word' id='word_1_102' title='bbox 1111 1315 1218 1388; x_wconf 86' lang='lat' dir='ltr'><strong>legibus</strong></span> 
     </span>
     <span class='ocr_line' id='line_1_12' title="bbox 72 1405 1217 1481; baseline 0.004 -22"><span class='ocrx_word' id='word_1_103' title='bbox 72 1414 259 1460; x_wconf 89' lang='lat' dir='ltr'><strong>consentanea</strong></span> <span class='ocrx_word' id='word_1_104' title='bbox 280 1416 337 1473; x_wconf 91' lang='lat' dir='ltr'><strong>est,</strong></span> <span class='ocrx_word' id='word_1_105' title='bbox 352 1417 383 1461; x_wconf 92' lang='lat' dir='ltr'><strong>ut</strong></span> <span class='ocrx_word' id='word_1_106' title='bbox 402 1406 449 1478; x_wconf 94' lang='lat' dir='ltr'><strong>qui</strong></span> <span class='ocrx_word' id='word_1_107' title='bbox 462 1422 575 1473; x_wconf 87' lang='lat' dir='ltr'><strong>verum,</strong></span> <span class='ocrx_word' id='word_1_108' title='bbox 587 1422 603 1460; x_wconf 90' lang='lat' dir='ltr'><strong>a</strong></span> <span class='ocrx_word' id='word_1_109' title='bbox 615 1405 731 1463; x_wconf 90' lang='lat' dir='ltr'><strong>Domino</strong></span> <span class='ocrx_word' id='word_1_110' title='bbox 743 1407 941 1474; x_wconf 90' lang='lat' dir='ltr'><strong>constitutum,</strong></span> <span class='ocrx_word' id='word_1_111' title='bbox 956 1407 1105 1478; x_wconf 89' lang='lat' dir='ltr'><strong>primatum</strong></span> <span class='ocrx_word' id='word_1_112' title='bbox 1119 1424 1217 1481; x_wconf 82' lang='lat' dir='ltr'><strong>agnos-</strong></span> 
     </span>
     <span class='ocr_line' id='line_1_13' title="bbox 72 1495 1218 1572; baseline 0.005 -22"><span class='ocrx_word' id='word_1_113' title='bbox 72 1510 137 1550; x_wconf 89' lang='lat' dir='ltr'><strong>cere</strong></span> <span class='ocrx_word' id='word_1_114' title='bbox 156 1504 299 1562; x_wconf 91' lang='lat' dir='ltr'><strong>recusant‚</strong></span> <span class='ocrx_word' id='word_1_115' title='bbox 321 1495 421 1552; x_wconf 93' lang='lat' dir='ltr'><strong>falsum</strong></span> <span class='ocrx_word' id='word_1_116' title='bbox 435 1506 482 1552; x_wconf 93' lang='lat' dir='ltr'><strong>aut</strong></span> <span class='ocrx_word' id='word_1_117' title='bbox 503 1496 585 1552; x_wconf 89' lang='lat' dir='ltr'><strong>etiam</strong></span> <span class='ocrx_word' id='word_1_118' title='bbox 599 1497 734 1553; x_wconf 86' lang='lat' dir='ltr'><strong>absonum</strong></span> <span class='ocrx_word' id='word_1_119' title='bbox 757 1507 839 1568; x_wconf 91' lang='lat' dir='ltr'><strong>atque</strong></span> <span class='ocrx_word' id='word_1_120' title='bbox 859 1514 875 1552; x_wconf 87' lang='lat' dir='ltr'><strong>a</strong></span> <span class='ocrx_word' id='word_1_121' title='bbox 891 1498 1032 1572; x_wconf 79' lang='lat' dir='ltr'><strong>religionis</strong></span> <span class='ocrx_word' id='word_1_122' title='bbox 1047 1508 1145 1554; x_wconf 91' lang='lat' dir='ltr'><strong>natura</strong></span> <span class='ocrx_word' id='word_1_123' title='bbox 1158 1516 1218 1556; x_wconf 91' lang='lat' dir='ltr'><strong>om-</strong></span> 
     </span>
     <span class='ocr_line' id='line_1_14' title="bbox 72 1584 1218 1662; baseline 0.006 -24"><span class='ocrx_word' id='word_1_124' title='bbox 72 1584 140 1640; x_wconf 92' lang='lat' dir='ltr'><strong>nino</strong></span> <span class='ocrx_word' id='word_1_125' title='bbox 153 1584 350 1641; x_wconf 85' lang='lat' dir='ltr'><strong>abhorrentem</strong></span> <span class='ocrx_word' id='word_1_126' title='bbox 369 1585 523 1642; x_wconf 86' lang='lat' dir='ltr'><strong>adsciscere</strong></span> <span class='ocrx_word' id='word_1_127' title='bbox 536 1602 568 1641; x_wconf 89' lang='lat' dir='ltr'><strong>ac</strong></span> <span class='ocrx_word' id='word_1_128' title='bbox 584 1587 612 1641; x_wconf 94' lang='lat' dir='ltr'><strong>in</strong></span> <span class='ocrx_word' id='word_1_129' title='bbox 632 1586 693 1657; x_wconf 81' lang='lat' dir='ltr'><strong>ejus</strong></span> <span class='ocrx_word' id='word_1_130' title='bbox 706 1587 797 1643; x_wconf 89' lang='lat' dir='ltr'><strong>locum</strong></span> <span class='ocrx_word' id='word_1_131' title='bbox 813 1586 938 1643; x_wconf 85' lang='lat' dir='ltr'><strong>sufficere</strong></span> <span class='ocrx_word' id='word_1_132' title='bbox 951 1588 1051 1658; x_wconf 68' lang='lat' dir='ltr'><strong>saepius</strong></span> <span class='ocrx_word' id='word_1_133' title='bbox 1070 1599 1218 1662; x_wconf 64' lang='lat' dir='ltr'><strong>cogentum</strong></span> 
     </span>
     <span class='ocr_line' id='line_1_15' title="bbox 72 1673 1218 1748; baseline 0.007 -20"><span class='ocrx_word' id='word_1_134' title='bbox 72 1673 146 1745; x_wconf 91' lang='lat' dir='ltr'><strong>quod</strong></span> <span class='ocrx_word' id='word_1_135' title='bbox 166 1675 279 1747; x_wconf 92' lang='lat' dir='ltr'><strong>quidem</strong></span> <span class='ocrx_word' id='word_1_136' title='bbox 297 1675 456 1748; x_wconf 90' lang='lat' dir='ltr'><strong>frequenter</strong></span> <span class='ocrx_word' id='word_1_137' title='bbox 473 1676 547 1747; x_wconf 90' lang='lat' dir='ltr'><strong>apud</strong></span> <span class='ocrx_word' id='word_1_138' title='bbox 566 1686 752 1748; x_wconf 84' lang='lat' dir='ltr'><strong>protestantes</strong></span> <span class='ocrx_word' id='word_1_139' title='bbox 765 1676 900 1733; x_wconf 88' lang='lat' dir='ltr'><strong>accidisse</strong></span> <span class='ocrx_word' id='word_1_140' title='bbox 914 1677 1063 1734; x_wconf 90' lang='lat' dir='ltr'><strong>cernimus.</strong></span> <span class='ocrx_word' id='word_1_141' title='bbox 1079 1678 1218 1746; x_wconf 82' lang='lat' dir='ltr'><strong>Quamob-</strong></span> 
     </span>
     <span class='ocr_line' id='line_1_16' title="bbox 73 1766 1217 1841; baseline 0.006 -22"><span class='ocrx_word' id='word_1_142' title='bbox 73 1779 133 1819; x_wconf 91' lang='lat' dir='ltr'><strong>rem</strong></span> <span class='ocrx_word' id='word_1_143' title='bbox 151 1780 187 1821; x_wconf 90' lang='lat' dir='ltr'><strong>ne</strong></span> <span class='ocrx_word' id='word_1_144' title='bbox 206 1766 354 1837; x_wconf 87' lang='lat' dir='ltr'><strong>quidquam</strong></span> <span class='ocrx_word' id='word_1_145' title='bbox 375 1766 409 1821; x_wconf 93' lang='lat' dir='ltr'><strong>de</strong></span> <span class='ocrx_word' id='word_1_146' title='bbox 422 1766 514 1823; x_wconf 89' lang='lat' dir='ltr'><strong>divina</strong></span> <span class='ocrx_word' id='word_1_147' title='bbox 534 1767 710 1824; x_wconf 90' lang='lat' dir='ltr'><strong>institutione</strong></span> <span class='ocrx_word' id='word_1_148' title='bbox 731 1766 908 1834; x_wconf 86' lang='lat' dir='ltr'><strong>detrahatur,</strong></span> <span class='ocrx_word' id='word_1_149' title='bbox 922 1784 1011 1839; x_wconf 90' lang='lat' dir='ltr'><strong>neque</strong></span> <span class='ocrx_word' id='word_1_150' title='bbox 1025 1769 1053 1823; x_wconf 92' lang='lat' dir='ltr'><strong>in</strong></span> <span class='ocrx_word' id='word_1_151' title='bbox 1067 1771 1217 1841; x_wconf 92' lang='lat' dir='ltr'><strong>perniciem</strong></span> 
     </span>
     <span class='ocr_line' id='line_1_17' title="bbox 72 1856 1219 1928; baseline 0.007 -19"><span class='ocrx_word' id='word_1_152' title='bbox 72 1863 137 1909; x_wconf 84' lang='lat' dir='ltr'><strong>ruat</strong></span> <span class='ocrx_word' id='word_1_153' title='bbox 156 1857 318 1926; x_wconf 74' lang='lat' dir='ltr'><strong>praeclarum</strong></span> <span class='ocrx_word' id='word_1_154' title='bbox 339 1856 450 1911; x_wconf 85' lang='lat' dir='ltr'><strong>Domini</strong></span> <span class='ocrx_word' id='word_1_155' title='bbox 469 1872 551 1928; x_wconf 94' lang='lat' dir='ltr'><strong>opus,</strong></span> <span class='ocrx_word' id='word_1_156' title='bbox 571 1857 688 1913; x_wconf 89' lang='lat' dir='ltr'><strong>Romani</strong></span> <span class='ocrx_word' id='word_1_157' title='bbox 707 1857 854 1914; x_wconf 88' lang='lat' dir='ltr'><strong>Pontificis</strong></span> <span class='ocrx_word' id='word_1_158' title='bbox 874 1858 1022 1928; x_wconf 90' lang='lat' dir='ltr'><strong>primatum</strong></span> <span class='ocrx_word' id='word_1_159' title='bbox 1042 1875 1156 1916; x_wconf 89' lang='lat' dir='ltr'><strong>necesse</strong></span> <span class='ocrx_word' id='word_1_160' title='bbox 1175 1869 1219 1917; x_wconf 91' lang='lat' dir='ltr'><strong>est</strong></span> 
     </span>
     <span class='ocr_line' id='line_1_18' title="bbox 73 1943 1220 2018; baseline 0.003 -17"><span class='ocrx_word' id='word_1_161' title='bbox 73 1943 209 2002; x_wconf 80' lang='lat' dir='ltr'><strong>confiteri.</strong></span> <span class='ocrx_word' id='word_1_162' title='bbox 234 1947 363 2018; x_wconf 88' lang='lat' dir='ltr'><strong>Episcopi</strong></span> <span class='ocrx_word' id='word_1_163' title='bbox 388 1956 462 2003; x_wconf 92' lang='lat' dir='ltr'><strong>certe</strong></span> <span class='ocrx_word' id='word_1_164' title='bbox 479 1963 577 2004; x_wconf 91' lang='lat' dir='ltr'><strong>omnes</strong></span> <span class='ocrx_word' id='word_1_165' title='bbox 595 1948 726 2004; x_wconf 90' lang='lat' dir='ltr'><strong>vicariam</strong></span> <span class='ocrx_word' id='word_1_166' title='bbox 749 1965 766 2003; x_wconf 89' lang='lat' dir='ltr'><strong>a</strong></span> <span class='ocrx_word' id='word_1_167' title='bbox 782 1947 893 2004; x_wconf 84' lang='lat' dir='ltr'><strong>Christo</strong></span> <span class='ocrx_word' id='word_1_168' title='bbox 912 1949 1104 2005; x_wconf 90' lang='lat' dir='ltr'><strong>auctoritatem</strong></span> <span class='ocrx_word' id='word_1_169' title='bbox 1124 1956 1220 2006; x_wconf 88' lang='lat' dir='ltr'><strong>tenent</strong></span> 
     </span>
     <span class='ocr_line' id='line_1_19' title="bbox 72 2036 1218 2112; baseline 0.003 -20"><span class='ocrx_word' id='word_1_170' title='bbox 72 2053 105 2094; x_wconf 93' lang='lat' dir='ltr'><strong>ac</strong></span> <span class='ocrx_word' id='word_1_171' title='bbox 127 2036 298 2112; x_wconf 84' lang='lat' dir='ltr'><strong>integerrimi</strong></span> <span class='ocrx_word' id='word_1_172' title='bbox 322 2036 499 2094; x_wconf 87' lang='lat' dir='ltr'><strong>revelationis</strong></span> <span class='ocrx_word' id='word_1_173' title='bbox 526 2037 655 2095; x_wconf 87' lang='lat' dir='ltr'><strong>custodes</strong></span> <span class='ocrx_word' id='word_1_174' title='bbox 682 2038 863 2110; x_wconf 84' lang='lat' dir='ltr'><strong>doctoresque</strong></span> <span class='ocrx_word' id='word_1_175' title='bbox 886 2039 1042 2106; x_wconf 82' lang='lat' dir='ltr'><strong>hahentur3</strong></span> <span class='ocrx_word' id='word_1_176' title='bbox 1068 2039 1118 2095; x_wconf 92' lang='lat' dir='ltr'><strong>sed</strong></span> <span class='ocrx_word' id='word_1_177' title='bbox 1145 2039 1218 2097; x_wconf 91' lang='lat' dir='ltr'><strong>iuter</strong></span> 
     </span>
     <span class='ocr_line' id='line_1_20' title="bbox 73 2126 1218 2200; baseline 0.007 -20"><span class='ocrx_word' id='word_1_178' title='bbox 73 2126 150 2198; x_wconf 93' lang='lat' dir='ltr'><strong>ipsos</strong></span> <span class='ocrx_word' id='word_1_179' title='bbox 173 2143 246 2184; x_wconf 91' lang='lat' dir='ltr'><strong>uuus</strong></span> <span class='ocrx_word' id='word_1_180' title='bbox 266 2128 369 2184; x_wconf 90' lang='lat' dir='ltr'><strong>eminet</strong></span> <span class='ocrx_word' id='word_1_181' title='bbox 389 2127 464 2184; x_wconf 86' lang='lat' dir='ltr'><strong>Petri</strong></span> <span class='ocrx_word' id='word_1_182' title='bbox 484 2144 629 2185; x_wconf 90' lang='lat' dir='ltr'><strong>successor</strong></span> <span class='ocrx_word' id='word_1_183' title='bbox 647 2126 695 2200; x_wconf 91' lang='lat' dir='ltr'><strong>qui</strong></span> <span class='ocrx_word' id='word_1_184' title='bbox 712 2128 844 2200; x_wconf 89' lang='lat' dir='ltr'><strong>peculiari</strong></span> <span class='ocrx_word' id='word_1_185' title='bbox 862 2129 969 2185; x_wconf 89' lang='lat' dir='ltr'><strong>ratione</strong></span> <span class='ocrx_word' id='word_1_186' title='bbox 982 2127 1085 2186; x_wconf 88' lang='lat' dir='ltr'><strong>Christi</strong></span> <span class='ocrx_word' id='word_1_187' title='bbox 1099 2130 1218 2188; x_wconf 89' lang='lat' dir='ltr'><strong>vicarius</strong></span> 
     </span>
     <span class='ocr_line' id='line_1_21' title="bbox 73 2217 1217 2291; baseline 0.006 -20"><span class='ocrx_word' id='word_1_188' title='bbox 73 2217 233 2273; x_wconf 90' lang='lat' dir='ltr'><strong>nominatur</strong></span> <span class='ocrx_word' id='word_1_189' title='bbox 244 2226 272 2273; x_wconf 90' lang='lat' dir='ltr'><strong>et</strong></span> <span class='ocrx_word' id='word_1_190' title='bbox 284 2227 342 2284; x_wconf 90' lang='lat' dir='ltr'><strong>est,</strong></span> <span class='ocrx_word' id='word_1_191' title='bbox 355 2218 455 2290; x_wconf 90' lang='lat' dir='ltr'><strong>cuique</strong></span> <span class='ocrx_word' id='word_1_192' title='bbox 468 2219 568 2291; x_wconf 81' lang='lat' dir='ltr'><strong>reliqui</strong></span> <span class='ocrx_word' id='word_1_193' title='bbox 578 2218 656 2274; x_wconf 80' lang='lat' dir='ltr'><strong>firme</strong></span> <span class='ocrx_word' id='word_1_194' title='bbox 670 2218 804 2276; x_wconf 90' lang='lat' dir='ltr'><strong>inhaerere</strong></span> <span class='ocrx_word' id='word_1_195' title='bbox 818 2219 919 2275; x_wconf 91' lang='lat' dir='ltr'><strong>debent</strong></span> <span class='ocrx_word' id='word_1_196' title='bbox 929 2220 983 2276; x_wconf 91' lang='lat' dir='ltr'><strong>nisi</strong></span> <span class='ocrx_word' id='word_1_197' title='bbox 996 2220 1127 2276; x_wconf 90' lang='lat' dir='ltr'><strong>vicariam</strong></span> <span class='ocrx_word' id='word_1_198' title='bbox 1141 2222 1217 2278; x_wconf 91' lang='lat' dir='ltr'><strong>illam</strong></span> 
     </span>
     <span class='ocr_line' id='line_1_22' title="bbox 70 2308 496 2378; baseline 0.002 -16"><span class='ocrx_word' id='word_1_199' title='bbox 70 2314 236 2378; x_wconf 87' lang='lat' dir='ltr'><strong>potestatem</strong></span> <span class='ocrx_word' id='word_1_200' title='bbox 256 2309 384 2364; x_wconf 90' lang='lat' dir='ltr'><strong>amittere</strong></span> <span class='ocrx_word' id='word_1_201' title='bbox 400 2308 496 2364; x_wconf 89' lang='lat' dir='ltr'><strong>velint.</strong></span> 
     </span>
    </p>

    <p class='ocr_par' dir='ltr' id='par_1_3' title="bbox 69 2397 1218 3288">
     <span class='ocr_line' id='line_1_23' title="bbox 108 2397 1216 2474; baseline 0.005 -21"><span class='ocrx_word' id='word_1_202' title='bbox 108 2398 200 2466; x_wconf 84' lang='lat' dir='ltr'><strong>Quaeri</strong></span> <span class='ocrx_word' id='word_1_203' title='bbox 225 2398 271 2454; x_wconf 93' lang='lat' dir='ltr'><strong>hic</strong></span> <span class='ocrx_word' id='word_1_204' title='bbox 294 2409 388 2472; x_wconf 90' lang='lat' dir='ltr'><strong>posset</strong></span> <span class='ocrx_word' id='word_1_205' title='bbox 410 2415 460 2466; x_wconf 91' lang='lat' dir='ltr'><strong>an,</strong></span> <span class='ocrx_word' id='word_1_206' title='bbox 485 2397 716 2472; x_wconf 89' lang='lat' dir='ltr'><strong>quemadmodum</strong></span> <span class='ocrx_word' id='word_1_207' title='bbox 739 2398 879 2474; x_wconf 84' lang='lat' dir='ltr'><strong>integrum</strong></span> <span class='ocrx_word' id='word_1_208' title='bbox 898 2400 1091 2474; x_wconf 85' lang='lat' dir='ltr'><strong>episcoporum</strong></span> <span class='ocrx_word' id='word_1_209' title='bbox 1114 2416 1216 2473; x_wconf 92' lang='lat' dir='ltr'><strong>corpus</strong></span> 
     </span>
     <span class='ocr_line' id='line_1_24' title="bbox 70 2487 1216 2564; baseline 0.002 -20"><span class='ocrx_word' id='word_1_210' title='bbox 70 2487 277 2546; x_wconf 91' lang='lat' dir='ltr'><strong>infallibilitatis</strong></span> <span class='ocrx_word' id='word_1_211' title='bbox 300 2491 372 2548; x_wconf 89' lang='lat' dir='ltr'><strong>douo</strong></span> <span class='ocrx_word' id='word_1_212' title='bbox 398 2491 578 2562; x_wconf 90' lang='lat' dir='ltr'><strong>conspicuum</strong></span> <span class='ocrx_word' id='word_1_213' title='bbox 604 2489 777 2564; x_wconf 81' lang='lat' dir='ltr'><strong>agnoscitur,</strong></span> <span class='ocrx_word' id='word_1_214' title='bbox 807 2491 848 2547; x_wconf 89' lang='lat' dir='ltr'><strong>sic</strong></span> <span class='ocrx_word' id='word_1_215' title='bbox 872 2500 900 2546; x_wconf 87' lang='lat' dir='ltr'><strong>et</strong></span> <span class='ocrx_word' id='word_1_216' title='bbox 921 2491 1061 2547; x_wconf 85' lang='lat' dir='ltr'><strong>Romanus</strong></span> <span class='ocrx_word' id='word_1_217' title='bbox 1088 2491 1216 2547; x_wconf 85' lang='lat' dir='ltr'><strong>Pontifex</strong></span> 
     </span>
     <span class='ocr_line' id='line_1_25' title="bbox 69 2579 1216 2653; baseline 0.002 -19"><span class='ocrx_word' id='word_1_218' title='bbox 69 2579 167 2634; x_wconf 88' lang='lat' dir='ltr'><strong>eudem</strong></span> <span class='ocrx_word' id='word_1_219' title='bbox 185 2581 237 2637; x_wconf 88' lang='lat' dir='ltr'><strong>hac</strong></span> <span class='ocrx_word' id='word_1_220' title='bbox 250 2581 315 2638; x_wconf 88' lang='lat' dir='ltr'><strong>dote</strong></span> <span class='ocrx_word' id='word_1_221' title='bbox 334 2582 467 2653; x_wconf 91' lang='lat' dir='ltr'><strong>praeditus</strong></span> <span class='ocrx_word' id='word_1_222' title='bbox 488 2581 540 2647; x_wconf 90' lang='lat' dir='ltr'><strong>sit,</strong></span> <span class='ocrx_word' id='word_1_223' title='bbox 562 2580 601 2636; x_wconf 89' lang='lat' dir='ltr'><strong>ita</strong></span> <span class='ocrx_word' id='word_1_224' title='bbox 625 2589 656 2635; x_wconf 94' lang='lat' dir='ltr'><strong>ut</strong></span> <span class='ocrx_word' id='word_1_225' title='bbox 675 2595 690 2634; x_wconf 93' lang='lat' dir='ltr'><strong>a</strong></span> <span class='ocrx_word' id='word_1_226' title='bbox 709 2595 774 2636; x_wconf 86' lang='lat' dir='ltr'><strong>vero</strong></span> <span class='ocrx_word' id='word_1_227' title='bbox 795 2595 888 2635; x_wconf 89' lang='lat' dir='ltr'><strong>errare</strong></span> <span class='ocrx_word' id='word_1_228' title='bbox 907 2590 1026 2652; x_wconf 90' lang='lat' dir='ltr'><strong>nequeat</strong></span> <span class='ocrx_word' id='word_1_229' title='bbox 1046 2596 1132 2652; x_wconf 90' lang='lat' dir='ltr'><strong>quum</strong></span> <span class='ocrx_word' id='word_1_230' title='bbox 1145 2590 1216 2636; x_wconf 89' lang='lat' dir='ltr'><strong>tam·</strong></span> 
     </span>
     <span class='ocr_line' id='line_1_26' title="bbox 69 2669 1217 2742; baseline 0.003 -19"><span class='ocrx_word' id='word_1_231' title='bbox 69 2685 154 2740; x_wconf 91' lang='lat' dir='ltr'><strong>quam</strong></span> <span class='ocrx_word' id='word_1_232' title='bbox 176 2685 325 2740; x_wconf 85' lang='lat' dir='ltr'><strong>supremus</strong></span> <span class='ocrx_word' id='word_1_233' title='bbox 353 2672 483 2726; x_wconf 83' lang='lat' dir='ltr'><strong>Ecclesiae</strong></span> <span class='ocrx_word' id='word_1_234' title='bbox 505 2670 610 2741; x_wconf 88' lang='lat' dir='ltr'><strong>primas</strong></span> <span class='ocrx_word' id='word_1_235' title='bbox 634 2670 775 2742; x_wconf 90' lang='lat' dir='ltr'><strong>quidpiam</strong></span> <span class='ocrx_word' id='word_1_236' title='bbox 797 2669 902 2726; x_wconf 88' lang='lat' dir='ltr'><strong>Christi</strong></span> <span class='ocrx_word' id='word_1_237' title='bbox 930 2669 1108 2727; x_wconf 88' lang='lat' dir='ltr'><strong>revelationis</strong></span> <span class='ocrx_word' id='word_1_238' title='bbox 1134 2679 1217 2742; x_wconf 87' lang='lat' dir='ltr'><strong>caput</strong></span> 
     </span>
     <span class='ocr_line' id='line_1_27' title="bbox 70 2755 1216 2831; baseline 0.004 -19"><span class='ocrx_word' id='word_1_239' title='bbox 70 2755 191 2812; x_wconf 80' lang='lat' dir='ltr'><strong>defluit?</strong></span> <span class='ocrx_word' id='word_1_240' title='bbox 205 2758 306 2830; x_wconf 82' lang='lat' dir='ltr'><strong>Dogma</strong></span> <span class='ocrx_word' id='word_1_241' title='bbox 320 2767 395 2813; x_wconf 89' lang='lat' dir='ltr'><strong>certe</strong></span> <span class='ocrx_word' id='word_1_242' title='bbox 416 2759 583 2814; x_wconf 89' lang='lat' dir='ltr'><strong>catholicum</strong></span> <span class='ocrx_word' id='word_1_243' title='bbox 598 2761 705 2815; x_wconf 91' lang='lat' dir='ltr'><strong>nullum</strong></span> <span class='ocrx_word' id='word_1_244' title='bbox 724 2769 766 2816; x_wconf 90' lang='lat' dir='ltr'><strong>est</strong></span> <span class='ocrx_word' id='word_1_245' title='bbox 779 2775 833 2831; x_wconf 95' lang='lat' dir='ltr'><strong>quo</strong></span> <span class='ocrx_word' id='word_1_246' title='bbox 847 2759 961 2815; x_wconf 86' lang='lat' dir='ltr'><strong>Romani</strong></span> <span class='ocrx_word' id='word_1_247' title='bbox 973 2760 1116 2816; x_wconf 87' lang='lat' dir='ltr'><strong>Pontificis</strong></span> <span class='ocrx_word' id='word_1_248' title='bbox 1135 2761 1216 2817; x_wconf 89' lang='lat' dir='ltr'><strong>infal-</strong></span> 
     </span>
     <span class='ocr_line' id='line_1_28' title="bbox 69 2844 1217 2924; baseline 0.003 -22"><span class='ocrx_word' id='word_1_249' title='bbox 69 2844 188 2902; x_wconf 87' lang='lat' dir='ltr'><strong>libilitas</strong></span> <span class='ocrx_word' id='word_1_250' title='bbox 205 2847 388 2915; x_wconf 90' lang='lat' dir='ltr'><strong>decernatur,</strong></span> <span class='ocrx_word' id='word_1_251' title='bbox 401 2849 524 2920; x_wconf 89' lang='lat' dir='ltr'><strong>adeoque</strong></span> <span class='ocrx_word' id='word_1_252' title='bbox 538 2865 571 2904; x_wconf 83' lang='lat' dir='ltr'><strong>ex</strong></span> <span class='ocrx_word' id='word_1_253' title='bbox 587 2851 759 2920; x_wconf 91' lang='lat' dir='ltr'><strong>quorundam</strong></span> <span class='ocrx_word' id='word_1_254' title='bbox 779 2850 971 2923; x_wconf 82' lang='lat' dir='ltr'><strong>theologorum</strong></span> <span class='ocrx_word' id='word_1_255' title='bbox 987 2850 1093 2922; x_wconf 86' lang='lat' dir='ltr'><strong>judicio</strong></span> <span class='ocrx_word' id='word_1_256' title='bbox 1109 2851 1217 2924; x_wconf 81' lang='lat' dir='ltr'><strong>integer</strong></span> 
     </span>
     <span class='ocr_line' id='line_1_29' title="bbox 70 2937 1218 3014; baseline 0.004 -21"><span class='ocrx_word' id='word_1_257' title='bbox 70 2945 128 2993; x_wconf 91' lang='lat' dir='ltr'><strong>stat</strong></span> <span class='ocrx_word' id='word_1_258' title='bbox 151 2937 212 2994; x_wconf 92' lang='lat' dir='ltr'><strong>sine</strong></span> <span class='ocrx_word' id='word_1_259' title='bbox 234 2938 282 2993; x_wconf 90' lang='lat' dir='ltr'><strong>illa</strong></span> <span class='ocrx_word' id='word_1_260' title='bbox 306 2954 454 3011; x_wconf 82' lang='lat' dir='ltr'><strong>germanus</strong></span> <span class='ocrx_word' id='word_1_261' title='bbox 471 2939 632 2995; x_wconf 72' lang='lat' dir='ltr'><strong>christianae</strong></span> <span class='ocrx_word' id='word_1_262' title='bbox 657 2940 835 2997; x_wconf 80' lang='lat' dir='ltr'><strong>revelationis</strong></span> <span class='ocrx_word' id='word_1_263' title='bbox 856 2941 1044 3014; x_wconf 85' lang='lat' dir='ltr'><strong>organismus;</strong></span> <span class='ocrx_word' id='word_1_264' title='bbox 1062 2942 1218 2999; x_wconf 90' lang='lat' dir='ltr'><strong>communis</strong></span> 
     </span>
     <span class='ocr_line' id='line_1_30' title="bbox 70 3028 1217 3102; baseline 0.004 -20"><span class='ocrx_word' id='word_1_265' title='bbox 70 3036 165 3082; x_wconf 90' lang='lat' dir='ltr'><strong>tamen</strong></span> <span class='ocrx_word' id='word_1_266' title='bbox 193 3029 333 3084; x_wconf 88' lang='lat' dir='ltr'><strong>sententia</strong></span> <span class='ocrx_word' id='word_1_267' title='bbox 361 3028 444 3085; x_wconf 92' lang='lat' dir='ltr'><strong>hahet</strong></span> <span class='ocrx_word' id='word_1_268' title='bbox 466 3045 527 3085; x_wconf 92' lang='lat' dir='ltr'><strong>eam</strong></span> <span class='ocrx_word' id='word_1_269' title='bbox 552 3029 645 3086; x_wconf 89' lang='lat' dir='ltr'><strong>dotem</strong></span> <span class='ocrx_word' id='word_1_270' title='bbox 667 3030 721 3102; x_wconf 94' lang='lat' dir='ltr'><strong>ipsi</strong></span> <span class='ocrx_word' id='word_1_271' title='bbox 740 3046 835 3087; x_wconf 83' lang='lat' dir='ltr'><strong>revera</strong></span> <span class='ocrx_word' id='word_1_272' title='bbox 856 3029 1068 3101; x_wconf 84' lang='lat' dir='ltr'><strong>adjudicandam</strong></span> <span class='ocrx_word' id='word_1_273' title='bbox 1087 3045 1159 3087; x_wconf 89' lang='lat' dir='ltr'><strong>esse.</strong></span> <span class='ocrx_word' id='word_1_274' title='bbox 1182 3033 1217 3087; x_wconf 85' lang='lat' dir='ltr'><strong>Et</strong></span> 
     </span>
     <span class='ocr_line' id='line_1_31' title="bbox 70 3119 1217 3193; baseline 0.004 -20"><span class='ocrx_word' id='word_1_275' title='bbox 70 3132 139 3173; x_wconf 87' lang='lat' dir='ltr'><strong>sane</strong></span> <span class='ocrx_word' id='word_1_276' title='bbox 155 3125 215 3174; x_wconf 90' lang='lat' dir='ltr'><strong>tum</strong></span> <span class='ocrx_word' id='word_1_277' title='bbox 235 3119 311 3175; x_wconf 90' lang='lat' dir='ltr'><strong>varia</strong></span> <span class='ocrx_word' id='word_1_278' title='bbox 332 3119 483 3190; x_wconf 89' lang='lat' dir='ltr'><strong>Scripturae</strong></span> <span class='ocrx_word' id='word_1_279' title='bbox 506 3120 578 3188; x_wconf 91' lang='lat' dir='ltr'><strong>loca,</strong></span> <span class='ocrx_word' id='word_1_280' title='bbox 598 3129 658 3176; x_wconf 90' lang='lat' dir='ltr'><strong>tum</strong></span> <span class='ocrx_word' id='word_1_281' title='bbox 682 3137 765 3192; x_wconf 90' lang='lat' dir='ltr'><strong>quam</strong></span> <span class='ocrx_word' id='word_1_282' title='bbox 788 3121 907 3193; x_wconf 90' lang='lat' dir='ltr'><strong>plurima</strong></span> <span class='ocrx_word' id='word_1_283' title='bbox 926 3124 1039 3178; x_wconf 90' lang='lat' dir='ltr'><strong>Patrum</strong></span> <span class='ocrx_word' id='word_1_284' title='bbox 1058 3122 1217 3180; x_wconf 91' lang='lat' dir='ltr'><strong>testimonia</strong></span> 
     </span>
     <span class='ocr_line' id='line_1_32' title="bbox 71 3208 1217 3288; baseline 0.007 -26"><span class='ocrx_word' id='word_1_285' title='bbox 71 3216 155 3278; x_wconf 90' lang='lat' dir='ltr'><strong>atque</strong></span> <span class='ocrx_word' id='word_1_286' title='bbox 173 3208 305 3266; x_wconf 79' lang='lat' dir='ltr'><strong>Ecclesiae</strong></span> <span class='ocrx_word' id='word_1_287' title='bbox 332 3210 438 3282; x_wconf 84' lang='lat' dir='ltr'><strong>pranis,</strong></span> <span class='ocrx_word' id='word_1_288' title='bbox 462 3219 521 3266; x_wconf 89' lang='lat' dir='ltr'><strong>tum</strong></span> <span class='ocrx_word' id='word_1_289' title='bbox 538 3213 622 3268; x_wconf 88' lang='lat' dir='ltr'><strong>etiam</strong></span> <span class='ocrx_word' id='word_1_290' title='bbox 642 3223 742 3270; x_wconf 91' lang='lat' dir='ltr'><strong>natura</strong></span> <span class='ocrx_word' id='word_1_291' title='bbox 758 3229 790 3270; x_wconf 91' lang='lat' dir='ltr'><strong>ac</strong></span> <span class='ocrx_word' id='word_1_292' title='bbox 809 3213 940 3287; x_wconf 88' lang='lat' dir='ltr'><strong>perfectio</strong></span> <span class='ocrx_word' id='word_1_293' title='bbox 958 3213 1109 3288; x_wconf 79' lang='lat' dir='ltr'><strong>organismi</strong></span> <span class='ocrx_word' id='word_1_294' title='bbox 1126 3214 1217 3270; x_wconf 92' lang='lat' dir='ltr'><strong>chris-</strong></span> 
     </span>
    </p>
   </div>
   <div class='ocr_carea' id='block_1_3' title="bbox 70 3363 1222 4338">
    <p class='ocr_par' dir='ltr' id='par_1_4' title="bbox 70 3363 1222 4338">
     <span class='ocr_line' id='line_1_33' title="bbox 107 3363 1220 3436; baseline 0.005 -24"><span class='ocrx_word' id='word_1_295' title='bbox 107 3363 154 3428; x_wconf 91' lang='lat' dir='ltr'><strong>(l)</strong></span> <span class='ocrx_word' id='word_1_296' title='bbox 173 3380 187 3412; x_wconf 87' lang='lat' dir='ltr'><strong>u</strong></span> <span class='ocrx_word' id='word_1_297' title='bbox 199 3364 258 3415; x_wconf 83' lang='lat' dir='ltr'><strong>Otez</strong></span> <span class='ocrx_word' id='word_1_298' title='bbox 275 3363 300 3415; x_wconf 91' lang='lat' dir='ltr'><strong>le</strong></span> <span class='ocrx_word' id='word_1_299' title='bbox 318 3374 423 3433; x_wconf 86' lang='lat' dir='ltr'><strong>pasleur</strong></span> <span class='ocrx_word' id='word_1_300' title='bbox 440 3367 573 3433; x_wconf 76' lang='lat' dir='ltr'><strong>supreme,</strong></span> <span class='ocrx_word' id='word_1_301' title='bbox 587 3365 673 3432; x_wconf 87' lang='lat' dir='ltr'><strong>inquit</strong></span> <span class='ocrx_word' id='word_1_302' title='bbox 683 3367 804 3429; x_wconf 87' lang='lat' dir='ltr'><strong>lloehler,</strong></span> <span class='ocrx_word' id='word_1_303' title='bbox 816 3367 841 3418; x_wconf 92' lang='lat' dir='ltr'><strong>le</strong></span> <span class='ocrx_word' id='word_1_304' title='bbox 853 3367 950 3436; x_wconf 88' lang='lat' dir='ltr'><strong>pontife</strong></span> <span class='ocrx_word' id='word_1_305' title='bbox 961 3366 1055 3418; x_wconf 76' lang='lat' dir='ltr'><strong>uenere</strong></span> <span class='ocrx_word' id='word_1_306' title='bbox 1066 3367 1097 3417; x_wconf 92' lang='lat' dir='ltr'><strong>de</strong></span> <span class='ocrx_word' id='word_1_307' title='bbox 1109 3373 1181 3428; x_wconf 86' lang='lat' dir='ltr'><strong>tous,</strong></span> <span class='ocrx_word' id='word_1_308' title='bbox 1193 3373 1220 3418; x_wconf 84' lang='lat' dir='ltr'><strong>et</strong></span> 
     </span>
     <span class='ocr_line' id='line_1_34' title="bbox 70 3438 1221 3516; baseline 0.003 -22"><span class='ocrx_word' id='word_1_309' title='bbox 70 3441 103 3494; x_wconf 90' lang='lat' dir='ltr'><strong>dc</strong></span> <span class='ocrx_word' id='word_1_310' title='bbox 114 3459 142 3494; x_wconf 92' lang='lat' dir='ltr'><strong>ce</strong></span> <span class='ocrx_word' id='word_1_311' title='bbox 153 3452 267 3496; x_wconf 90' lang='lat' dir='ltr'><strong>moment</strong></span> <span class='ocrx_word' id='word_1_312' title='bbox 279 3446 431 3500; x_wconf 87' lang='lat' dir='ltr'><strong>l&#39;harmonie</strong></span> <span class='ocrx_word' id='word_1_313' title='bbox 448 3447 586 3516; x_wconf 78' lang='lat' dir='ltr'><strong>disparsit,</strong></span> <span class='ocrx_word' id='word_1_314' title='bbox 608 3447 701 3499; x_wconf 89' lang='lat' dir='ltr'><strong>l’ordrc</strong></span> <span class='ocrx_word' id='word_1_315' title='bbox 718 3455 756 3500; x_wconf 84' lang='lat' dir='ltr'><strong>cst</strong></span> <span class='ocrx_word' id='word_1_316' title='bbox 771 3446 903 3508; x_wconf 77' lang='lat' dir='ltr'><strong>renverse,</strong></span> <span class='ocrx_word' id='word_1_317' title='bbox 922 3438 1024 3514; x_wconf 83' lang='lat' dir='ltr'><strong>l&#39;Eglise</strong></span> <span class='ocrx_word' id='word_1_318' title='bbox 1042 3446 1170 3515; x_wconf 79' lang='lat' dir='ltr'><strong>dispcrsee</strong></span> <span class='ocrx_word' id='word_1_319' title='bbox 1186 3463 1221 3498; x_wconf 89' lang='lat' dir='ltr'><strong>au</strong></span> 
     </span>
     <span class='ocr_line' id='line_1_35' title="bbox 71 3523 1221 3596; baseline 0.005 -22"><span class='ocrx_word' id='word_1_320' title='bbox 71 3523 162 3576; x_wconf 90' lang='lat' dir='ltr'><strong>milieu</strong></span> <span class='ocrx_word' id='word_1_321' title='bbox 180 3523 215 3576; x_wconf 90' lang='lat' dir='ltr'><strong>du</strong></span> <span class='ocrx_word' id='word_1_322' title='bbox 231 3525 338 3588; x_wconf 86' lang='lat' dir='ltr'><strong>monde;</strong></span> <span class='ocrx_word' id='word_1_323' title='bbox 359 3545 397 3579; x_wconf 86' lang='lat' dir='ltr'><strong>ses</strong></span> <span class='ocrx_word' id='word_1_324' title='bbox 417 3528 545 3581; x_wconf 86' lang='lat' dir='ltr'><strong>membres</strong></span> <span class='ocrx_word' id='word_1_325' title='bbox 561 3538 619 3582; x_wconf 87' lang='lat' dir='ltr'><strong>sont</strong></span> <span class='ocrx_word' id='word_1_326' title='bbox 638 3529 725 3592; x_wconf 77' lang='lat' dir='ltr'><strong>isoles,</strong></span> <span class='ocrx_word' id='word_1_327' title='bbox 747 3527 861 3596; x_wconf 75' lang='lat' dir='ltr'><strong>relegues</strong></span> <span class='ocrx_word' id='word_1_328' title='bbox 872 3528 887 3579; x_wconf 79' lang='lat' dir='ltr'><strong>ai</strong></span> <span class='ocrx_word' id='word_1_329' title='bbox 898 3530 1068 3580; x_wconf 75' lang='lat' dir='ltr'><strong>eux-memes.</strong></span> <span class='ocrx_word' id='word_1_330' title='bbox 1080 3529 1106 3579; x_wconf 90' lang='lat' dir='ltr'><strong>Si</strong></span> <span class='ocrx_word' id='word_1_331' title='bbox 1118 3544 1156 3580; x_wconf 91' lang='lat' dir='ltr'><strong>un</strong></span> <span class='ocrx_word' id='word_1_332' title='bbox 1167 3529 1221 3580; x_wconf 90' lang='lat' dir='ltr'><strong>lien</strong></span> 
     </span>
     <span class='ocr_line' id='line_1_36' title="bbox 71 3605 1220 3681; baseline 0.004 -25"><span class='ocrx_word' id='word_1_333' title='bbox 71 3605 190 3674; x_wconf 87' lang='lat' dir='ltr'><strong>puissant</strong></span> <span class='ocrx_word' id='word_1_334' title='bbox 209 3608 281 3659; x_wconf 82' lang='lat' dir='ltr'><strong>n&#39;edt</strong></span> <span class='ocrx_word' id='word_1_335' title='bbox 295 3611 402 3662; x_wconf 80' lang='lat' dir='ltr'><strong>entonre</strong></span> <span class='ocrx_word' id='word_1_336' title='bbox 421 3618 477 3662; x_wconf 87' lang='lat' dir='ltr'><strong>tout</strong></span> <span class='ocrx_word' id='word_1_337' title='bbox 492 3611 516 3662; x_wconf 93' lang='lat' dir='ltr'><strong>le</strong></span> <span class='ocrx_word' id='word_1_338' title='bbox 532 3629 620 3681; x_wconf 88' lang='lat' dir='ltr'><strong>corps,</strong></span> <span class='ocrx_word' id='word_1_339' title='bbox 635 3611 656 3662; x_wconf 94' lang='lat' dir='ltr'><strong>si</strong></span> <span class='ocrx_word' id='word_1_340' title='bbox 675 3611 699 3662; x_wconf 90' lang='lat' dir='ltr'><strong>le</strong></span> <span class='ocrx_word' id='word_1_341' title='bbox 716 3626 861 3663; x_wconf 88' lang='lat' dir='ltr'><strong>successeur</strong></span> <span class='ocrx_word' id='word_1_342' title='bbox 879 3610 910 3662; x_wconf 86' lang='lat' dir='ltr'><strong>ds</strong></span> <span class='ocrx_word' id='word_1_343' title='bbox 929 3610 1016 3662; x_wconf 88' lang='lat' dir='ltr'><strong>Pierrc</strong></span> <span class='ocrx_word' id='word_1_344' title='bbox 1035 3610 1106 3661; x_wconf 82' lang='lat' dir='ltr'><strong>n&#39;edt</strong></span> <span class='ocrx_word' id='word_1_345' title='bbox 1122 3609 1220 3661; x_wconf 83' lang='lat' dir='ltr'><strong>alfermi</strong></span> 
     </span>
     <span class='ocr_line' id='line_1_37' title="bbox 72 3689 1222 3755; baseline 0.003 -15"><span class='ocrx_word' id='word_1_346' title='bbox 72 3697 130 3741; x_wconf 84' lang='lat' dir='ltr'><strong>tout</strong></span> <span class='ocrx_word' id='word_1_347' title='bbox 140 3689 204 3741; x_wconf 89' lang='lat' dir='ltr'><strong>dans</strong></span> <span class='ocrx_word' id='word_1_348' title='bbox 217 3691 325 3753; x_wconf 78' lang='lat' dir='ltr'><strong>l&#39;unite,</strong></span> <span class='ocrx_word' id='word_1_349' title='bbox 340 3709 403 3744; x_wconf 86' lang='lat' dir='ltr'><strong>vous</strong></span> <span class='ocrx_word' id='word_1_350' title='bbox 420 3695 505 3744; x_wconf 86' lang='lat' dir='ltr'><strong>auriez</strong></span> <span class='ocrx_word' id='word_1_351' title='bbox 516 3710 553 3747; x_wconf 84' lang='lat' dir='ltr'><strong>vu</strong></span> <span class='ocrx_word' id='word_1_352' title='bbox 563 3695 588 3746; x_wconf 90' lang='lat' dir='ltr'><strong>la</strong></span> <span class='ocrx_word' id='word_1_353' title='bbox 602 3694 693 3747; x_wconf 77' lang='lat' dir='ltr'><strong>societe</strong></span> <span class='ocrx_word' id='word_1_354' title='bbox 708 3693 752 3746; x_wconf 88' lang='lat' dir='ltr'><strong>des</strong></span> <span class='ocrx_word' id='word_1_355' title='bbox 768 3691 854 3744; x_wconf 76' lang='lat' dir='ltr'><strong>fideles</strong></span> <span class='ocrx_word' id='word_1_356' title='bbox 865 3693 975 3755; x_wconf 80' lang='lat' dir='ltr'><strong>divisee,</strong></span> <span class='ocrx_word' id='word_1_357' title='bbox 988 3690 1111 3743; x_wconf 77' lang='lat' dir='ltr'><strong>morcelee</strong></span> <span class='ocrx_word' id='word_1_358' title='bbox 1124 3708 1156 3743; x_wconf 88' lang='lat' dir='ltr'><strong>cn</strong></span> <span class='ocrx_word' id='word_1_359' title='bbox 1168 3709 1222 3745; x_wconf 90' lang='lat' dir='ltr'><strong>une</strong></span> 
     </span>
     <span class='ocr_line' id='line_1_38' title="bbox 72 3771 1221 3844; baseline 0.003 -21"><span class='ocrx_word' id='word_1_360' title='bbox 72 3771 141 3824; x_wconf 88' lang='lat' dir='ltr'><strong>foulc</strong></span> <span class='ocrx_word' id='word_1_361' title='bbox 151 3771 183 3824; x_wconf 89' lang='lat' dir='ltr'><strong>de</strong></span> <span class='ocrx_word' id='word_1_362' title='bbox 195 3773 369 3842; x_wconf 87' lang='lat' dir='ltr'><strong>corporations</strong></span> <span class='ocrx_word' id='word_1_363' title='bbox 389 3775 575 3843; x_wconf 79' lang='lat' dir='ltr'><strong>particulieres.</strong></span> <span class='ocrx_word' id='word_1_364' title='bbox 592 3776 625 3828; x_wconf 87' lang='lat' dir='ltr'><strong>Et</strong></span> <span class='ocrx_word' id='word_1_365' title='bbox 641 3775 687 3842; x_wconf 93' lang='lat' dir='ltr'><strong>qui</strong></span> <span class='ocrx_word' id='word_1_366' title='bbox 700 3791 733 3827; x_wconf 86' lang='lat' dir='ltr'><strong>ne</strong></span> <span class='ocrx_word' id='word_1_367' title='bbox 744 3774 880 3844; x_wconf 89' lang='lat' dir='ltr'><strong>comprend</strong></span> <span class='ocrx_word' id='word_1_368' title='bbox 891 3773 1177 3843; x_wconf 76' lang='lat' dir='ltr'><strong>qu’aussitdtl&#39;aulorite</strong></span> <span class='ocrx_word' id='word_1_369' title='bbox 1187 3775 1221 3826; x_wconf 89' lang='lat' dir='ltr'><strong>de</strong></span> 
     </span>
     <span class='ocr_line' id='line_1_39' title="bbox 73 3845 1217 3925; baseline 0.005 -22"><span class='ocrx_word' id='word_1_370' title='bbox 73 3845 177 3921; x_wconf 83' lang='lat' dir='ltr'><strong>l&#39;Eglise</strong></span> <span class='ocrx_word' id='word_1_371' title='bbox 193 3854 315 3908; x_wconf 77' lang='lat' dir='ltr'><strong>s&#39;ecroule</strong></span> <span class='ocrx_word' id='word_1_372' title='bbox 333 3856 365 3908; x_wconf 84' lang='lat' dir='ltr'><strong>de</strong></span> <span class='ocrx_word' id='word_1_373' title='bbox 384 3856 445 3909; x_wconf 92' lang='lat' dir='ltr'><strong>fond</strong></span> <span class='ocrx_word' id='word_1_374' title='bbox 462 3874 495 3908; x_wconf 90' lang='lat' dir='ltr'><strong>en</strong></span> <span class='ocrx_word' id='word_1_375' title='bbox 512 3859 628 3910; x_wconf 89' lang='lat' dir='ltr'><strong>comble?</strong></span> <span class='ocrx_word' id='word_1_376' title='bbox 639 3860 688 3909; x_wconf 88' lang='lat' dir='ltr'><strong>Car</strong></span> <span class='ocrx_word' id='word_1_377' title='bbox 707 3858 806 3912; x_wconf 81' lang='lat' dir='ltr'><strong>hientdt</strong></span> <span class='ocrx_word' id='word_1_378' title='bbox 826 3859 984 3925; x_wconf 82' lang='lat' dir='ltr'><strong>divergentes</strong></span> <span class='ocrx_word' id='word_1_379' title='bbox 1003 3856 1035 3908; x_wconf 91' lang='lat' dir='ltr'><strong>de</strong></span> <span class='ocrx_word' id='word_1_380' title='bbox 1052 3857 1217 3920; x_wconf 87' lang='lat' dir='ltr'><strong>sentiments,</strong></span> 
     </span>
     <span class='ocr_line' id='line_1_40' title="bbox 74 3934 1219 4008; baseline 0.004 -23"><span class='ocrx_word' id='word_1_381' title='bbox 74 3934 205 3990; x_wconf 74' lang='lat' dir='ltr'><strong>d&#39;interets</strong></span> <span class='ocrx_word' id='word_1_382' title='bbox 221 3937 293 3989; x_wconf 83' lang='lat' dir='ltr'><strong>etde</strong></span> <span class='ocrx_word' id='word_1_383' title='bbox 313 3938 442 4006; x_wconf 89' lang='lat' dir='ltr'><strong>passions,</strong></span> <span class='ocrx_word' id='word_1_384' title='bbox 460 3940 496 3990; x_wconf 91' lang='lat' dir='ltr'><strong>les</strong></span> <span class='ocrx_word' id='word_1_385' title='bbox 518 3939 710 3991; x_wconf 74' lang='lat' dir='ltr'><strong>communaules</strong></span> <span class='ocrx_word' id='word_1_386' title='bbox 729 3956 763 3991; x_wconf 91' lang='lat' dir='ltr'><strong>ue</strong></span> <span class='ocrx_word' id='word_1_387' title='bbox 781 3941 922 3991; x_wconf 88' lang='lat' dir='ltr'><strong>formcront</strong></span> <span class='ocrx_word' id='word_1_388' title='bbox 936 3940 996 4007; x_wconf 92' lang='lat' dir='ltr'><strong>plus</strong></span> <span class='ocrx_word' id='word_1_389' title='bbox 1011 3955 1048 3990; x_wconf 91' lang='lat' dir='ltr'><strong>un</strong></span> <span class='ocrx_word' id='word_1_390' title='bbox 1060 3938 1219 4008; x_wconf 77' lang='lat' dir='ltr'><strong>temoignagc</strong></span> 
     </span>
     <span class='ocr_line' id='line_1_41' title="bbox 75 4019 1219 4090; baseline 0.003 -23"><span class='ocrx_word' id='word_1_391' title='bbox 75 4019 216 4082; x_wconf 85' lang='lat' dir='ltr'><strong>unanime,</strong></span> <span class='ocrx_word' id='word_1_392' title='bbox 238 4019 302 4071; x_wconf 86' lang='lat' dir='ltr'><strong>mais</strong></span> <span class='ocrx_word' id='word_1_393' title='bbox 322 4020 474 4089; x_wconf 75' lang='lat' dir='ltr'><strong>deposeront</strong></span> <span class='ocrx_word' id='word_1_394' title='bbox 488 4020 525 4072; x_wconf 91' lang='lat' dir='ltr'><strong>les</strong></span> <span class='ocrx_word' id='word_1_395' title='bbox 541 4039 605 4074; x_wconf 92' lang='lat' dir='ltr'><strong>unes</strong></span> <span class='ocrx_word' id='word_1_396' title='bbox 625 4030 712 4080; x_wconf 85' lang='lat' dir='ltr'><strong>contre</strong></span> <span class='ocrx_word' id='word_1_397' title='bbox 731 4021 768 4072; x_wconf 90' lang='lat' dir='ltr'><strong>les</strong></span> <span class='ocrx_word' id='word_1_398' title='bbox 787 4029 881 4073; x_wconf 87' lang='lat' dir='ltr'><strong>autres.</strong></span> <span class='ocrx_word' id='word_1_399' title='bbox 898 4021 960 4082; x_wconf 80' lang='lat' dir='ltr'><strong>Quel</strong></span> <span class='ocrx_word' id='word_1_400' title='bbox 972 4021 1085 4074; x_wconf 86' lang='lat' dir='ltr'><strong>chre&#39;tien</strong></span> <span class='ocrx_word' id='word_1_401' title='bbox 1101 4021 1219 4090; x_wconf 87' lang='lat' dir='ltr'><strong>pourrait</strong></span> 
     </span>
     <span class='ocr_line' id='line_1_42' title="bbox 76 4101 1219 4165; baseline 0.004 -17"><span class='ocrx_word' id='word_1_402' title='bbox 76 4114 166 4150; x_wconf 88' lang='lat' dir='ltr'><strong>encore</strong></span> <span class='ocrx_word' id='word_1_403' title='bbox 178 4101 338 4153; x_wconf 85' lang='lat' dir='ltr'><strong>reconnaflre</strong></span> <span class='ocrx_word' id='word_1_404' title='bbox 349 4103 411 4154; x_wconf 89' lang='lat' dir='ltr'><strong>dans</strong></span> <span class='ocrx_word' id='word_1_405' title='bbox 424 4114 489 4157; x_wconf 85' lang='lat' dir='ltr'><strong>cette</strong></span> <span class='ocrx_word' id='word_1_406' title='bbox 500 4105 593 4158; x_wconf 77' lang='lat' dir='ltr'><strong>societc&#39;</strong></span> <span class='ocrx_word' id='word_1_407' title='bbox 605 4123 641 4157; x_wconf 93' lang='lat' dir='ltr'><strong>un</strong></span> <span class='ocrx_word' id='word_1_408' title='bbox 653 4105 842 4158; x_wconf 76' lang='lat' dir='ltr'><strong>etahlisscment</strong></span> <span class='ocrx_word' id='word_1_409' title='bbox 853 4104 1012 4165; x_wconf 88' lang='lat' dir='ltr'><strong>surnaturel‚</strong></span> <span class='ocrx_word' id='word_1_410' title='bbox 1024 4103 1123 4158; x_wconf 79' lang='lat' dir='ltr'><strong>destine</strong></span> <span class='ocrx_word' id='word_1_411' title='bbox 1135 4103 1150 4154; x_wconf 79' lang='lat' dir='ltr'><strong>l</strong></span> <span class='ocrx_word' id='word_1_412' title='bbox 1161 4117 1219 4154; x_wconf 91' lang='lat' dir='ltr'><strong>cou-</strong></span> 
     </span>
     <span class='ocr_line' id='line_1_43' title="bbox 76 4180 1217 4257; baseline 0.003 -24"><span class='ocrx_word' id='word_1_413' title='bbox 76 4182 163 4234; x_wconf 87' lang='lat' dir='ltr'><strong>tinuer</strong></span> <span class='ocrx_word' id='word_1_414' title='bbox 174 4184 358 4237; x_wconf 77' lang='lat' dir='ltr'><strong>lesus-Christ?</strong></span> <span class='ocrx_word' id='word_1_415' title='bbox 370 4187 440 4238; x_wconf 84' lang='lat' dir='ltr'><strong>hinsi</strong></span> <span class='ocrx_word' id='word_1_416' title='bbox 453 4187 518 4240; x_wconf 91' lang='lat' dir='ltr'><strong>donc</strong></span> <span class='ocrx_word' id='word_1_417' title='bbox 533 4188 604 4256; x_wconf 86' lang='lat' dir='ltr'><strong>point</strong></span> <span class='ocrx_word' id='word_1_418' title='bbox 621 4180 730 4257; x_wconf 82' lang='lat' dir='ltr'><strong>d’Eglise</strong></span> <span class='ocrx_word' id='word_1_419' title='bbox 747 4187 840 4244; x_wconf 84' lang='lat' dir='ltr'><strong>visible</strong></span> <span class='ocrx_word' id='word_1_420' title='bbox 852 4204 911 4241; x_wconf 87' lang='lat' dir='ltr'><strong>sans</strong></span> <span class='ocrx_word' id='word_1_421' title='bbox 926 4205 962 4240; x_wconf 89' lang='lat' dir='ltr'><strong>un</strong></span> <span class='ocrx_word' id='word_1_422' title='bbox 980 4187 1040 4241; x_wconf 92' lang='lat' dir='ltr'><strong>chef</strong></span> <span class='ocrx_word' id='word_1_423' title='bbox 1054 4186 1217 4240; x_wconf 63' lang='lat' dir='ltr'><strong>ostdrieuru</strong></span> 
     </span>
     <span class='ocr_line' id='line_1_44' title="bbox 76 4264 632 4338; baseline 0.02 -26"><span class='ocrx_word' id='word_1_424' title='bbox 76 4265 184 4330; x_wconf 81' lang='lat' dir='ltr'><strong>symbol.</strong></span> <span class='ocrx_word' id='word_1_425' title='bbox 199 4264 240 4316; x_wconf 92' lang='lat' dir='ltr'><strong>ch.</strong></span> <span class='ocrx_word' id='word_1_426' title='bbox 251 4267 286 4328; x_wconf 84' lang='lat' dir='ltr'><strong>V,</strong></span> <span class='ocrx_word' id='word_1_427' title='bbox 298 4268 312 4334; x_wconf 63' lang='grc' dir='ltr'><strong>ἓ</strong></span> <span class='ocrx_word' id='word_1_428' title='bbox 323 4273 356 4319; x_wconf 75' lang='lat' dir='ltr'><strong>lo</strong></span> <span class='ocrx_word' id='word_1_429' title='bbox 365 4306 372 4334; x_wconf 89' lang='lat'><strong>,</strong></span> <span class='ocrx_word' id='word_1_430' title='bbox 382 4275 442 4321; x_wconf 88' lang='lat' dir='ltr'><strong>tom.</strong></span> <span class='ocrx_word' id='word_1_431' title='bbox 455 4271 492 4335; x_wconf 92' lang='lat'><strong>11,</strong></span> <span class='ocrx_word' id='word_1_432' title='bbox 505 4287 530 4338; x_wconf 91' lang='lat' dir='ltr'><strong>p.</strong></span> <span class='ocrx_word' id='word_1_433' title='bbox 543 4276 632 4323; x_wconf 71' lang='grc'>54-55.</span> 
     </span>
    </p>
   </div>
   <div class='ocr_carea' id='block_1_4' title="bbox 0 0 1594 5168">
    <p class='ocr_par' dir='ltr' id='par_1_5' title="bbox 0 0 1594 5168">
     <span class='ocr_line' id='line_1_45' title="bbox 0 0 1594 5168; baseline 0 0"><span class='ocrx_word' id='word_1_434' title='bbox 0 0 1594 5168; x_wconf 95' lang='lat' dir='ltr'><strong> </strong></span> 
     </span>
    </p>
   </div>
  </div>
 </body>
</html>
