3150 5160
200 371 423 416 nntunnutsttus
444 372 483 414 ΑΙ)
504 371 689 416 sententiata
711 371 730 414 Α
751 371 848 415 PAULO
870 369 1119 416 accouuounws.
1182 359 1240 418 Ι45

94 524 186 584 nunt,
207 517 320 574 modum
337 527 431 574 autem
456 534 511 589 quo
531 517 681 591 contigisse
700 515 803 573 dicitur
826 524 933 572 tantum
950 515 1143 588 rejiciendum.
1156 518 1242 593 Igitur

95 607 184 673 Deus,
199 606 342 678 inquiunt,
362 622 536 678 nequaquam
550 623 614 663 cum
626 607 783 664 Abrabamo
797 608 907 663 locutus
919 615 976 672 est,
995 607 1045 663 sed
1059 608 1143 679 hujus
1155 611 1241 667 menti

94 698 204 753 sivein
230 697 338 753 somnio
358 697 417 753 sive
440 698 469 752 in
490 698 583 771 vigilia
607 707 690 754 certat
710 697 835 768 quaedam
861 696 1042 770 cogitationes
1065 698 1171 756 suerint
1193 701 1242 758 ob·

94 795 225 851 versatae,
246 802 316 857 quas
336 787 489 843 secundum
515 787 597 844 istius
620 787 672 843 aeri
695 786 852 843 incultioris
875 786 1015 859 ingenium
1037 786 1094 843 beo
1115 799 1243 860 acceptas

94 875 224 932 retulerit
245 892 252 931 :
270 876 336 932 binc
355 886 416 933 orta
437 879 513 934 notio
532 877 645 934 loederis
664 878 754 950 qualis
777 877 805 932 in
828 876 986 932 narratione
1010 892 1088 932 sacra
1109 879 1241 937 cernitur.

93 965 239 1037 Ejusmodi
257 966 523 1037 interpretationum
537 977 669 1038 patronos
687 967 787 1023 merito
801 977 878 1041 rogat
889 967 928 1022 De
945 965 1051 1032 Wette,
1064 982 1118 1038 qua
1130 968 1243 1025 demum

94 1054 141 1110 via
154 1055 287 1111 noverint
306 1070 405 1126 reapse
417 1054 605 1113 Abrabamum
624 1060 694 1115 tales
706 1058 886 1133 cogitationes
899 1073 994 1113 secum
1006 1057 1138 1125 volvisse3
1151 1058 1242 1118 loedus

94 1160 217 1216 namque
249 1147 463 1217 supernaturale
488 1147 574 1204 refert
601 1147 758 1220 Scriptura3
778 1148 851 1219 quod
871 1147 895 1203 si
912 1162 1011 1221 negas,
1031 1147 1102 1203 nibil
1122 1149 1242 1220 amplius

94 1245 172 1292 extat
184 1237 256 1307 quod
269 1237 332 1308 jure
345 1237 419 1291 tueri
440 1237 533 1308 possis
549 1237 558 1309 l
566 1239 578 1293 Ι
588 1237 609 1311 l.

133 1325 236 1381 Eadem
254 1327 492 1398 argumentatione
516 1328 715 1384 convelluntur
737 1327 937 1398 explicationes
962 1326 1064 1397 quibus
1089 1328 1191 1384 Paulus
1214 1338 1242 1385 et

94 1415 145 1471 alii
159 1414 229 1471 laem
247 1416 469 1486 supernaturalia
488 1417 553 1473 novi
570 1417 740 1473 Testamenti
755 1417 784 1472 in
797 1417 934 1474 naturalia
947 1427 1109 1475 convertere
1121 1418 1241 1475 moliun-

96 1515 155 1561 tur.

135 1595 230 1652 Simili
253 1594 310 1651 iere
332 1594 439 1651 ratione
461 1605 557 1651 contra
576 1597 793 1652 Naturalismum
818 1606 1048 1670 argumentantur
1072 1600 1148 1674 ilrug
1175 1599 1240 1674 (t),

94 1687 199 1745 Gabler
219 1685 285 1760 (5),
305 1688 389 1742 llorst
411 1685 474 1759 (l),
495 1695 537 1754 et,
557 1687 630 1758 quod
649 1689 684 1745 ad
702 1705 805 1745 norum
824 1689 1030 1745 Testamentum
1049 1689 1163 1758 attinet,
1181 1690 1242 1762 ipse

95 1778 238 1835 Eichborn
253 1775 317 1850 (5).
330 1777 436 1832 llorum
448 1787 611 1851 argumenta
624 1779 736 1852 collegit
751 1788 779 1834 et
799 1778 900 1835 evolvit
918 1778 1029 1835 Strauss
1049 1779 1058 1851 l
1067 1778 1111 1853 dl.

135 1870 231 1940 ltaque
248 1869 380 1924 trutinam
401 1864 473 1922 ferre
490 1869 587 1939 nequit
603 1869 821 1934 Naturalismus,
841 1877 870 1925 et
888 1883 920 1924 eu
938 1868 1121 1926 rationallsmi
1144 1869 1241 1926 biblici

96 1957 186 2015 lorma
206 1957 240 2012 ab
255 1955 325 2028 ipsis
344 1953 525 2012 rationalistis
542 1955 610 2012 lalsa
626 1957 776 2028 judicatur.
792 1957 839 2014 Uti
856 1957 1019 2029 plerumque
1034 1957 1135 2013 accidit
1147 1966 1178 2014 ut
1196 1973 1241 2015 er·

97 2064 147 2104 ror
165 2047 220 2104 sibi
233 2047 293 2119 ipse
310 2061 407 2102 necem
425 2047 594 2114 consciscat,
609 2047 650 2103 sic
662 2047 844 2103 rationalismi
861 2047 1037 2114 defensores,
1056 2047 1140 2103 simul
1158 2056 1241 2119 atque

96 2136 251 2208 quidquam
263 2144 363 2207 praeter
376 2150 481 2190 meram
493 2137 668 2210 negationem
680 2136 826 2193 adstruere
837 2136 951 2202 volunt,
964 2136 1064 2192 incerti
1077 2151 1109 2192 ae
1119 2137 1241 2193 tituban-

96 2237 142 2284 tes
155 2242 187 2283 se
205 2226 325 2282 inuicem
340 2223 481 2281 refellunt.
500 2227 549 2282 lsti
567 2241 649 2297 porro
668 2226 805 2299 theologi,
825 2225 933 2282 sublato
952 2225 1154 2294 Naturalismo,
1173 2226 1241 2283 alias

96 2316 249 2374 tentandas
262 2327 378 2372 censent
395 2315 454 2371 rias
473 2317 574 2387 quibus
587 2316 657 2372 ratio
670 2315 803 2371 reddatur
819 2331 915 2373 eorum
934 2331 995 2386 quae
1014 2315 1044 2371 in
1064 2316 1151 2373 sacris
1163 2315 1244 2374 libris

95 2416 261 2464 cernuntur.
269 2405 405 2474 Quoniam
412 2421 478 2462 vero
490 2406 525 2462 ad
536 2404 840 2477 supernaturalismum
849 2405 968 2462 transire
980 2405 1057 2462 nelas
1071 2406 1245 2470 existimant,

95 2497 175 2553 aliud
202 2506 323 2569 systema
344 2495 433 2569 quod,
457 2511 536 2567 aeque
558 2510 591 2551 ac
612 2494 831 2563 Naturalismus,
855 2495 1042 2567 praejudicatis
1061 2494 1243 2550 rationalismi

96 2586 281 2659 opinionibus
307 2588 345 2643 sit
370 2587 625 2654 accommodatum,
649 2585 759 2642 facilius
783 2595 876 2641 autem
901 2586 1020 2657 explicet
1040 2584 1243 2656 scripturarum

96 2677 240 2742 indolem,
261 2677 417 2748 excogitare
435 2675 598 2731 moliuntur.
622 2675 689 2731 lude
709 2682 787 2731 ortus
805 2673 985 2747 Mythismus,
1005 2673 1052 2744 qui
1075 2673 1243 2745 praecipuum

97 2765 376 2836 audacissimumque
390 2773 536 2836 patronum
551 2773 650 2820 nactus
671 2772 714 2819 est
731 2763 847 2835 impium
860 2762 985 2829 Strauss‚
1001 2763 1035 2819 ad
1048 2763 1128 2834 cnjus
1140 2763 1243 2820 doctri-

96 2870 167 2914 nam
179 2853 368 2925 exponendam
382 2853 478 2909 statim
489 2851 605 2926 gradum
617 2851 743 2908 lecimus.

648 3086 706 3161 qa.

196 3308 348 3350 uttfllsuus
366 3310 399 3349 tl>
417 3307 579 3350 SCRIPTUM!
598 3309 746 3349 universali
766 3310 782 3349 Δ
801 3308 915 3350 8ΤΙΙΑΙΙ88
932 3306 1147 3349 accourtootttJS.

140 3511 289 3568 Maximum
324 3513 397 3569 inter
424 3511 639 3569 Naturalismum
671 3519 700 3568 et
732 3510 912 3584 Mythismum
941 3511 1058 3582 interest
1086 3507 1245 3565 discrimen.

100 3600 238 3672 Equidem
258 3601 288 3658 in
301 3617 334 3658 eo
347 3601 526 3658 consentiunt
546 3601 627 3659 ambo
646 3609 808 3675 systemata,
827 3601 901 3675 quod
919 3600 1052 3657 miracula
1065 3598 1248 3671 impossibilia

133 3787 182 3853 (l)
200 3787 284 3839 Kritik
297 3789 342 3838 der
353 3791 506 3840 mosuisclren
523 3790 673 3848 Gescbicltte,·
685 3788 737 3840 vid.
747 3790 824 3855 proef.
836 3806 862 3856 p.
876 3793 892 3839 5
903 3806 959 3857 sqq.
974 3796 1035 3856 etp.
1051 3791 1083 3839 59
1094 3804 1150 3856 sqq.

135 3869 182 3935 (Ι)
199 3867 256 3919 vid.
271 3869 414 3920 Teutomen
427 3868 459 3920 od
470 3868 649 3935 explicandum
667 3869 771 3920 modum
782 3885 833 3936 quo
844 3869 902 3920 ficta
914 3869 985 3920 luere
997 3866 1134 3931 miracula,
1146 3868 1174 3921 in
1186 3873 1249 3921 Hen-

102 3952 154 4003 lro'u
166 3955 275 4002 Murcum
286 3989 294 4013 ,
307 3951 332 4013 Ι,
345 3950 391 4011 ΙΙΙ,
403 3968 428 4018 p.
446 3955 495 4003 595
506 3968 562 4020 sqq.

136 4034 182 4099 (5)
201 4033 239 4083 Cf.
255 4035 363 4084 Journal
374 4033 419 4098 seir
430 4036 583 4085 amcrlescnc
593 4034 666 4084 ttcot.
681 4037 823 4097 Tenetur,
838 4033 881 4087 bd.
893 4032 930 4095 11,
946 4037 959 4085 1
972 4032 1039 4096 bell,
1052 4049 1078 4102 p.
1090 4039 1124 4086 45
1135 4049 1191 4100 sqq.

137 4115 181 4178 (l)
198 4113 235 4163 cl.
255 4114 359 4165 Henltc's
374 4118 501 4174 Murcum,
519 4115 544 4176 1,
558 4115 642 4182 1v‚p.
656 4118 704 4166 695
718 4131 774 4183 sqq.

135 4196 182 4261 (5)
199 4198 343 4262 liiuleituno
355 4198 381 4247 in
391 4199 436 4248 dua
447 4201 478 4248 N.
490 4201 516 4248 T.
528 4197 553 4260 Ι,
565 4213 591 4266 p.
603 4199 653 4249 408
664 4213 720 4265 sqq.

139 4276 183 4341 (6)
205 4280 246 4327 Vie
260 4282 290 4330 dc
301 4278 385 4340 Jc'sus,
398 4281 491 4330 lutrod.
687 4298 689 4302 ⁴
