3150 5160
384 352 444 410 1⁹20
547 365 693 408 dissoluta:
712 358 960 406 PudrESTAn'rtSttl
982 359 1115 404 ΜΕΤΗΟΒΙ
1136 361 1333 405 anvtauteu.

382 528 456 600 cipio
468 527 576 584 lormali
590 527 708 583 tirmiter
722 522 917 580 inhaerendum
932 521 1104 590 sentiebant,
1118 523 1286 597 quicumque
1299 525 1411 581 taudem
1427 527 1528 598 privati

382 618 521 675 examinis
538 618 629 674 exitus
651 625 738 681 esset;
764 613 812 669 alii
831 628 896 668 vero
921 627 977 668 non
1001 620 1056 668 mm
1083 613 1213 671 methodo
1239 631 1323 686 quam
1345 617 1479 673 doctrinae
1499 618 1529 674 in

383 709 516 783 symbolis
543 717 571 764 et
591 705 813 763 confessionibus
843 702 965 759 dednttae
987 703 1117 759 standum
1139 705 1354 762 arbitrabantur.
1378 708 1453 763 lnter
1479 709 1529 765 hos

383 809 538 872 postremos
558 797 658 854 saeculo
677 795 748 852 llllll
771 793 877 850 eminet
897 791 1009 859 lurica,
1033 793 1081 865 qui
1101 794 1272 852 damnandos
1296 797 1387 853 aiebat
1411 801 1527 869 quossis

383 889 526 961 theologos
547 901 562 941 a
585 895 660 942 certa
683 885 801 957 quadam
822 882 957 939 doctrinae
976 898 1074 938 norma
1095 884 1292 941 desciscentes.
1316 885 1407 954 Quum
1434 898 1529 944 autem

384 979 440 1050 ipsi
458 995 474 1034 a
488 977 642 1033 tolerantiae
660 974 853 1032 defensoribus
867 974 1035 1045 objiceretur
1047 975 1267 1045 protestantismi
1287 976 1448 1043 methodus,
1463 993 1529 1032 ean-

384 1069 449 1126 dide
467 1068 615 1124 admodum
635 1066 819 1138 respondebat
838 1065 1005 1136 principium
1025 1066 1077 1121 hoc
1092 1082 1266 1137 nequaquam
1285 1067 1323 1122 ita
1335 1067 1528 1137 accipiendum

384 1174 459 1224 esse,
470 1159 585 1231 perinde
597 1173 629 1213 ac
646 1158 670 1214 si
685 1157 757 1214 serio
770 1156 862 1213 animo
876 1157 909 1213 ad
924 1172 1006 1212 usum
1021 1156 1221 1212 accommodari
1238 1165 1350 1229 posset,
1367 1157 1416 1213 sed
1429 1158 1528 1213 adver-

384 1265 434 1306 sus
447 1249 597 1306 catholicos
616 1257 723 1304 tantum
741 1247 829 1304 luisse
844 1247 1039 1312 constitutum,
1054 1254 1083 1303 et
1094 1256 1239 1318 propterea
1257 1256 1352 1304 contra
1371 1249 1423 1304 hos
1436 1250 1527 1305 solum

383 1341 486 1395 valere.
506 1339 576 1395 lliuc
594 1338 750 1395 vehementi
771 1338 920 1394 iracundiae
939 1347 1008 1394 aestu
1030 1337 1209 1410 reprehendit
1232 1346 1315 1409 atque
1334 1347 1365 1394 ut
1384 1339 1527 1413 religionis

384 1431 493 1486 hostem
514 1428 626 1485 exhibet
639 1427 831 1484 doctissimum
851 1427 950 1499 Papia,
965 1428 1012 1499 qui
1025 1428 1107 1484 liberi
1120 1428 1256 1485 examinis
1269 1430 1341 1485 viam
1357 1430 1385 1484 in
1398 1432 1526 1487 omnihus

384 1520 542 1576 sectandam
568 1519 686 1576 ducebat
711 1517 776 1593 (l).
801 1521 841 1576 Ex
864 1535 918 1590 quo
946 1519 1000 1575 duo
1028 1519 1097 1574 milri
1125 1518 1224 1575 eonhci
1256 1519 1386 1577 videntur
1415 1538 1422 1576 ε
1449 1522 1526 1594 prius

384 1609 497 1682 quidem
517 1610 603 1682 probe
626 1609 800 1683 perspexisse
826 1610 922 1666 lurieu
944 1610 1106 1666 methodum
1128 1612 1355 1681 protestanticam
1383 1612 1449 1668 iniri
1472 1629 1525 1669 non

384 1715 468 1771 posse
481 1700 551 1771 quin
564 1699 641 1756 brevi
661 1700 697 1756 de
716 1702 846 1757 universa
867 1699 1001 1773 religione
1019 1709 1111 1755 actum
1128 1697 1242 1766 luisset;
1263 1701 1402 1772 posterius
1421 1712 1525 1770 autem,

384 1791 536 1848 latentibus
557 1791 712 1848 candidiori
733 1791 816 1847 istius
829 1790 951 1846 ministri
968 1805 1016 1846 ore
1029 1789 1159 1845 omnihus
1176 1788 1355 1863 rigidioribus
1375 1791 1524 1865 theologis,

382 1899 556 1955 nequaquam
580 1891 611 1938 ut
635 1882 664 1937 in
686 1897 716 1936 se
738 1897 846 1948 veram,
868 1881 917 1938 sed
941 1888 973 1936 ut
996 1896 1104 1936 merum
1126 1879 1287 1937 rebellionis
1309 1881 1525 1938 instrumentum

383 1974 521 2030 invectam
542 1971 630 2029 luisse
649 1972 731 2027 istam
752 1971 923 2027 methodum.

421 2063 518 2136 Operae
531 2063 651 2135 pretium
671 2077 770 2119 censeo
789 2061 818 2116 in
837 2061 959 2116 medium
978 2076 1088 2131 quoque
1105 2059 1244 2117 adducere
1265 2061 1384 2117 alterum
1403 2059 1524 2132 ejusdem

384 2156 475 2212 aetatis
487 2154 662 2226 theologum,
675 2152 723 2225 qui
736 2161 830 2225 aperte
844 2152 990 2208 confitetur
1007 2166 1123 2208 necesse
1136 2167 1199 2208 esse
1216 2151 1371 2208 doctrinam
1384 2166 1400 2205 a
1413 2150 1524 2222 majori-

382 2246 437 2301 bus
450 2252 602 2317 acceptam,
614 2243 700 2299 veluti
713 2243 870 2315 depositum
890 2241 1025 2313 quoddam
1044 2257 1167 2309 sacrum,
1180 2242 1316 2316 integram
1336 2241 1525 2314 illibatamque

382 2335 453 2391 citra
478 2349 592 2389 examen
618 2332 773 2400 custodire3
800 2347 881 2388 secus
911 2332 986 2387 enim
1006 2333 1083 2388 brevi
1102 2334 1362 2404 protestantismnm
1388 2333 1526 2390 sublatum

382 2426 428 2480 iri.
443 2425 602 2498 Theologns
620 2423 693 2489 iste,
712 2424 760 2495 qui
780 2424 809 2478 in
827 2423 972 2479 llollaudia
992 2423 1229 2492 commorabatur,
1244 2425 1342 2481 scribit
1360 2426 1395 2482 ad
1414 2441 1526 2499 cougre-

382 2516 521 2590 gationenr
538 2515 728 2572 Genevensem
741 2515 862 2586 antiquis
882 2514 988 2571 Caluini
1007 2514 1128 2572 decretis
1145 2515 1328 2587 pervicaciter
1346 2516 1525 2573 inhaerentem

382 2615 466 2677 atque
487 2606 641 2662 tolerantiae
659 2605 803 2679 thelogieae
823 2606 932 2662 hostem
950 2606 1123 2661 acerrimam.
1137 2606 1289 2677 Postquam
1302 2608 1526 2664 commemoravit

383 2711 414 2751 se
438 2695 629 2752 Genevensem
657 2696 802 2752 ecclesiam
826 2711 935 2768 semper
957 2696 1143 2752 habuissent
1165 2697 1319 2753 secundum
1343 2714 1360 2753 a
1385 2698 1524 2772 Scriptura

386 2787 496 2858 pondus
509 2786 674 2855 sanctuarii,
688 2802 743 2858 quo
756 2787 886 2858 qualibet
898 2786 1023 2843 doctriua
1040 2786 1221 2859 appendenda
1234 2786 1287 2854 sit,
1301 2787 1340 2843 ait
1352 2803 1429 2853 sese,
1444 2790 1523 2846 istius

383 2876 604 2950 congregationis
617 2878 774 2948 exemplum
791 2887 934 2944 secutum,
949 2886 1082 2949 perpetuo
1101 2878 1131 2932 in
1151 2893 1229 2934 sacra
1248 2879 1385 2954 theologia
1404 2880 1525 2938 docenda

386 2981 495 3022 summo
513 2966 604 3023 studio
624 2983 736 3025 curasse
759 2976 790 3024 ut
807 2969 841 3024 ah
860 2970 976 3040 antiquo
995 2970 1143 3025 traditione
1160 2985 1296 3038 nusquam
1314 2970 1476 3026 machaerei.
1494 2970 1525 3027 tlt

415 3135 462 3200 (l)
478 3135 529 3186 llac
550 3135 649 3186 ratione
669 3136 697 3186 in
723 3136 829 3204 epistola
852 3139 973 3205 pastorali
997 3137 1029 3188 ad
1054 3155 1112 3191 suos
1134 3139 1298 3191 calvinianos
1320 3139 1417 3192 directa
1440 3141 1525 3193 Jurieu

380 3217 467 3269 virum
480 3217 650 3268 clarissimum
662 3218 746 3285 carpit
762 3234 768 3268 :
786 3234 801 3268 u
816 3219 867 3269 Mes
879 3219 968 3281 freres,
985 3220 1012 3288 je
1023 3237 1086 3273 vous
1097 3220 1221 3272 demande
1232 3237 1282 3289 que
1293 3238 1355 3273 vous
1371 3221 1459 3274 iassie's
1470 3237 1526 3275 avoc

380 3299 432 3350 moi
444 3300 567 3367 quelques
582 3299 755 3351 ohservations
768 3316 813 3351 sur
829 3309 894 3353 cette
908 3302 1021 3354 muniere
1036 3303 1067 3354 de
1079 3302 1247 3370 justification
1259 3303 1290 3354 dc
1305 3306 1338 3354 Μ.
1350 3306 1432 3372 Papin
1444 3323 1489 3357 sur
1504 3309 1525 3357 le

380 3386 492 3447 chopilre
506 3386 535 3433 de
551 3385 577 3433 la
591 3383 729 3434 Telc'raacc.
742 3385 777 3434 La
788 3383 926 3452 premiere,
938 3385 997 3437 c'est
1008 3386 1102 3453 qu'elle
1118 3393 1156 3437 est
1166 3393 1223 3437 tout
1239 3385 1313 3439 isfuit
1328 3387 1492 3441 irauduleusa
1502 3395 1525 3439 et

380 3463 412 3514 de
423 3465 552 3516 mauvaise
565 3464 606 3515 lei.
620 3464 640 3514 ll
658 3481 684 3514 se
695 3481 787 3516 couvre
801 3464 836 3514 du
847 3480 958 3517 aurneina
976 3470 1087 3518 enudant
1098 3467 1128 3518 de
1140 3476 1197 3519 tous
1208 3468 1245 3518 les
1261 3477 1418 3537 protestans,
1431 3471 1525 3539 scavoir

380 3563 431 3614 que
442 3562 506 3598 nous
525 3563 557 3597 ne
572 3563 680 3598 sommcs
698 3545 795 3614 obliges
811 3546 842 3597 de
854 3547 935 3598 croire
950 3555 976 3598 et
989 3547 1020 3598 de
1032 3550 1144 3600 receuoir
1157 3565 1254 3600 comme
1270 3551 1360 3602 article
1375 3552 1407 3602 de
1418 3552 1466 3614 foi,
1478 3568 1524 3621 que

380 3645 408 3679 ce
419 3629 464 3697 qui
476 3637 513 3680 est
524 3628 587 3680 dans
598 3622 733 3680 l’Ecriturc
744 3627 839 3686 sainte,
851 3634 873 3678 et
886 3630 938 3678 cela
949 3646 979 3680 ert
992 3647 1039 3681 oue
1056 3633 1085 3681 de
1103 3647 1134 3681 ne
1144 3634 1216 3696 point
1232 3640 1342 3697 occeptat·
1351 3651 1418 3698 pour
1429 3639 1525 3688 arthiae

380 3715 409 3761 de
428 3712 528 3762 crdouoe
548 3728 596 3763 uae
615 3710 712 3780 infinite'
731 3713 760 3761 de
779 3710 875 3774 sonares
891 3712 1005 3765 docrinas
1017 3730 1063 3779 que
1080 3716 1102 3765 lc
1114 3718 1227 3779 Papisma
1241 3733 1257 3766 o
1267 3717 1422 3776 canonistas,
1434 3725 1457 3769 et
1467 3716 1524 3782 qu'ii

381 3796 471 3856 uppuie
486 3807 536 3858 por
551 3811 576 3845 ce
588 3795 649 3859 qu'il
661 3796 757 3857 appelle
769 3795 907 3843 Trodita‘ort.
919 3795 981 3847 Mais
995 3813 1024 3847 ce
1035 3796 1152 3864 principe
1169 3797 1209 3847 n'a
1221 3797 1276 3848 rien
1288 3797 1319 3848 de
1330 3813 1451 3849 commun
1468 3813 1525 3849 avet

380 3874 446 3925 celui
466 3874 497 3925 de
513 3877 548 3925 hl.
570 3876 666 3944 Papin,
686 3874 731 3941 qui
748 3874 856 3943 pretend
873 3876 950 3942 qu'on
966 3893 999 3926 ne
1015 3875 1069 3927 doit
1088 3875 1186 3943 obliger
1206 3877 1354 3944 personneb
1374 3878 1444 3930 tenir
1463 3890 1525 3945 pour

380 3955 470 4008 article
481 3956 511 4006 de
522 3957 555 4007 lai
568 3974 617 4024 quc
629 3958 665 4007 les
679 3965 743 4007 mots
757 3955 847 4024 expres
860 3954 890 4006 de
902 3950 1037 4009 l'Ecriture
1048 3973 1108 4008 sans
1123 3973 1221 4008 aucune
1237 3958 1410 4026 explication,
1424 3967 1450 4010 et
1464 3954 1524 4026 qu'ii

380 4037 433 4090 doit
449 4039 503 4088 dire
514 4038 609 4105 permis
629 4038 752 4089 'achaeun
764 4037 944 4105 d'interpreter
957 4055 997 4090 ces
1013 4047 1078 4090 mets
1094 4055 1190 4090 comme
1203 4039 1221 4089 il
1236 4039 1260 4092 le
1274 4039 1335 4108 juge
1349 4040 1364 4090 ὲ
1380 4056 1485 4109 propos,
1502 4039 1525 4089 le

380 4119 493 4171 socinien
507 4118 521 4169 b
533 4118 557 4169 la
570 4119 730 4181 socinienne,
752 4121 776 4170 lc
796 4119 897 4188 Papiste
920 4120 975 4172 hia
997 4119 1137 4172 Romaine:
1156 4125 1271 4187 principe
1292 4127 1362 4174 aussi
1381 4126 1524 4187 pernicialia:

379 4220 425 4268 que
442 4204 464 4251 le
483 4209 553 4253 notre
571 4209 606 4252 ast
618 4203 665 4252 don
684 4210 706 4253 et
717 4204 842 4253 excellent.
856 4220 870 4252 n
887 4207 967 4254 lettre
980 4207 1048 4254 Post.
1063 4219 1088 4270 p.
1107 4207 1136 4264 9,
1149 4205 1198 4255 col.
1212 4209 1242 4264 l,
1262 4222 1303 4273 ap.
1316 4204 1413 4271 Papira,
1425 4213 1486 4258 torn.
1498 4203 1523 4261 l,

379 4301 404 4352 p.
417 4287 458 4335 ab.
