3150 5160
336 354 397 413 116
499 369 649 413 HISTORIAE
671 367 921 412 rhorhsraurrsut
944 367 1076 411 uernum
1098 369 1295 411 enarrantem.

333 515 470 587 Utrinque
489 514 607 585 quilibet
628 514 753 586 privatus
773 512 886 584 jubetur
908 511 1064 583 Scripturas
1088 513 1244 587 intelligere
1267 511 1302 568 ad
1325 514 1485 589 analogiam

335 604 399 662 fidei
418 604 543 660 ccclesiae
561 620 638 660 suae:
654 604 776 678 symbola
793 615 822 659 et
839 602 1027 660 confossiones
1043 619 1116 660 verse
1134 604 1268 661 doctrinae
1287 613 1392 660 tessera
1411 622 1486 677 prae-

335 697 476 760 dicantur,
498 712 581 766 quam
603 697 650 766 qui
674 706 767 752 tenere
789 703 917 762 recusat,
940 703 1023 751 sectae
1045 695 1241 752 communione
1266 695 1398 765 pellitur;
1426 696 1487 752 imo

334 800 400 842 vero
423 794 453 840 ut
474 783 621 840 hereticus
639 794 722 855 atque
743 799 760 838 a
779 783 890 841 Christo
912 793 940 841 et
956 785 1073 856 proinde
1091 801 1108 840 a
1127 785 1216 841 salute
1237 800 1353 856 prorsus
1372 784 1486 843 alicnus

335 877 492 932 damnatur.
511 874 646 946 Utrinque
663 873 760 947 synodi
780 873 881 946 saepius
898 884 998 930 coactae
1016 884 1081 931 sunt
1099 891 1160 946 quac
1175 875 1309 931 doctrinae
1326 876 1486 947 symbolum

336 965 482 1022 definirent
509 963 599 1020 cuivis
629 962 792 1019 tradendum
820 978 852 1017 ae
875 961 936 1018 sine
963 963 1020 1020 ulio
1049 964 1175 1019 examine
1197 963 1427 1034 suscipiendum,
1451 980 1487 1020 ea

336 1055 447 1127 quidem
465 1055 524 1128 lege
541 1063 572 1110 ut
587 1055 764 1110 anathemate
781 1054 980 1125 percelleretur
998 1055 1084 1127 isqui
1104 1055 1174 1110 illud
1187 1055 1314 1112 venerari
1327 1063 1355 1110 ct
1368 1055 1488 1112 credere

337 1152 491 1200 recusaret.
509 1144 648 1217 Stupenda
670 1160 738 1200 sane
760 1145 864 1200 mentis
882 1142 991 1199 caecitas
1015 1143 1139 1215 miraque
1158 1141 1307 1198 admodum
1323 1158 1486 1216 repugnan-

337 1234 391 1289 tia!
406 1234 440 1289 dt
456 1250 488 1290 ca
506 1244 549 1290 cst
565 1236 722 1290 necessaria
739 1235 843 1291 erroris
859 1232 996 1299 conditio,
1011 1242 1042 1288 ut
1060 1249 1198 1304 nusquam
1212 1233 1324 1290 sibimet
1341 1234 1488 1306 undequa-

338 1339 392 1394 que
409 1333 537 1380 constare
555 1334 638 1396 queat
658 1341 664 1379 :
686 1326 838 1381 consistere
857 1325 933 1381 enim
952 1339 984 1379 ac
1003 1323 1098 1380 vivere
1111 1340 1174 1388 ,non
1194 1332 1287 1396 potest
1311 1324 1366 1380 nisi
1387 1341 1488 1382 secum

337 1424 441 1488 pugnet
454 1423 537 1485 atque
556 1415 660 1485 aliquid
673 1415 730 1471 veri
744 1430 798 1486 quo
812 1414 953 1469 nutriatur
966 1414 1092 1485 arripiat.

375 1506 452 1560 lllam
466 1506 602 1577 majorum
615 1505 823 1579 repugnantiam
835 1504 933 1560 merito
947 1503 1044 1560 irridet
1059 1503 1188 1576 Lessing,
1202 1503 1299 1560 dicens
1313 1520 1344 1561 se
1357 1504 1490 1562 libentis-

338 1595 408 1651 sime
424 1594 576 1651 Rontanum
589 1595 690 1665 Papam
706 1602 884 1666 accepturum
901 1594 925 1649 si
939 1604 1064 1664 pastores
1079 1595 1244 1659 Lutherani‚
1262 1595 1350 1652 veluti
1366 1596 1490 1654 totidem

338 1685 434 1755 Pape,
448 1684 684 1756 interpretationis
703 1700 828 1741 normam
847 1682 957 1740 tradere
972 1684 1059 1740 velint
1072 1682 1131 1758 (ll.

880 1881 938 1954 §a

370 2104 694 2147 PSEUDO·REFORlithONlS
712 2104 855 2144 deludebat
874 2103 982 2143 chualon
1001 2103 1203 2144 chorusradres
1223 2104 1300 2145 sertio
1319 2105 1401 2146 ailino
1422 2107 1456 2146 ab

675 2212 772 2251 rhaxllt
791 2210 981 2252 recondebatur
1000 2210 1143 2250 literatorie.

373 2399 584 2466 Verumtamen,
607 2416 773 2472 quamquam
793 2400 919 2472 plerique
942 2399 1062 2474 theologi
1084 2400 1259 2456 auctoritatis
1282 2400 1355 2458 viam
1381 2417 1488 2474 seque-

337 2498 446 2557 rentur,
462 2506 517 2547 non
530 2506 626 2548 omnes
640 2491 670 2546 in
683 2491 864 2565 repugnantia
882 2501 938 2547 tam
954 2500 1048 2562 aperta
1061 2490 1109 2546 diu
1125 2506 1305 2563 perseverare
1320 2501 1487 2563 potuerunt.

336 2581 474 2638 Plurimos
486 2584 563 2640 brevi
580 2598 612 2638 eo
628 2582 742 2638 adduxit
754 2582 797 2638 vis
814 2582 914 2656 logica,
931 2590 962 2637 ut
981 2581 1169 2654 intelligerent
1182 2583 1226 2636 vel
1244 2582 1348 2638 erroris
1365 2598 1489 2658 arguen-

335 2671 403 2728 dum
419 2673 689 2743 protestantismum,
702 2672 746 2727 rel
759 2687 814 2744 quo
831 2671 930 2727 nititur
942 2671 1112 2742 principium
1128 2671 1202 2728 serio
1216 2672 1309 2729 animo
1322 2673 1357 2728 ad
1374 2674 1488 2744 praxim

335 2763 607 2819 accommodandum.
625 2763 684 2819 Non
703 2763 922 2835 assequebantur
940 2777 994 2834 quo
1014 2762 1127 2818 tandem
1146 2762 1210 2832 jure
1230 2777 1246 2817 a
1266 2762 1392 2833 qualibet
1411 2773 1487 2822 secta

336 2854 556 2926 damnarintque
574 2853 808 2910 excommunicari
826 2860 939 2924 possent
959 2852 1024 2923 qui.
1046 2852 1153 2909 sincera
1177 2853 1231 2908 tide
1249 2851 1409 2925 Scripturas
1424 2870 1488 2926 pcr-

334 2943 490 3009 volventes,
510 2945 539 3000 in
558 2946 602 3001 his
619 2962 674 3001 non
693 2945 901 3017 conspiciebant
923 2944 1006 3000 istius
1029 2952 1112 2999 sectae
1131 2944 1270 3017 dogmata.
1283 2943 1404 3001 hiebant
1417 2961 1485 3019 crgo

335 3032 471 3087 absonum
486 3049 549 3090 esse
565 3033 771 3105 Scripturarum
788 3032 960 3089 intellectum
972 3033 1007 3089 ad
1025 3033 1213 3106 symbolorum
1234 3050 1361 3090 normam
1374 3036 1489 3109 exigere

334 3121 415 3176 velle.
434 3121 510 3177 llane
528 3124 696 3178 sententiam
711 3133 827 3179 tenuere
839 3139 871 3179 ac
889 3140 1095 3198 propugnarerc
1112 3125 1251 3181 Sociniani
1269 3134 1298 3182 et
1311 3126 1485 3193 Aminiam,

333 3221 466 3286 negantes
488 3229 518 3270 se
537 3213 635 3285 quovis
656 3222 735 3285 pacto
756 3215 892 3287 symbolis
914 3216 1008 3289 ligari3
1030 3232 1101 3288 quo,
1124 3224 1199 3272 recte
1218 3216 1259 3271 ait
1281 3215 1394 3272 Strauss
1418 3215 1485 3291 (1),

333 3303 420 3360 multo
441 3305 529 3378 magis
549 3321 632 3377 quam
657 3305 749 3360 caeteri
774 3307 904 3363 methodo
935 3307 1154 3379 protestantismi
1182 3306 1364 3363 inhaerebant.
1393 3306 1486 3375 Quam

333 3394 452 3448 maxima
474 3395 558 3468 igitur
576 3394 661 3450 animi
682 3395 810 3450 libertate
829 3395 961 3470 legendas
981 3397 1223 3469 explanandasque
1246 3412 1341 3454 sacras
1362 3397 1486 3454 Litteras

333 3486 493 3542 statuebant
515 3486 668 3558 praesertim
694 3485 848 3550 Sooiniani;
874 3487 941 3558 quid
969 3497 1062 3543 autern
1092 3486 1158 3543 inde
1186 3487 1336 3554 acciderit,
1360 3487 1482 3546 historia

334 3585 463 3632 testatur.

373 3667 508 3736 Quoniam
524 3668 595 3723 nulli
607 3665 727 3741 dogmati
743 3668 862 3736 positivo
874 3667 956 3722 iidem
974 3667 1112 3725 habebant
1127 3669 1291 3740 priusquam
1308 3667 1484 3741 Scripturem

337 3756 457 3825 adirent,
475 3760 598 3831 adeoque
615 3773 667 3814 nec
683 3757 859 3824 Trinitatem,
877 3772 928 3814 nec
944 3757 1047 3815 Christi
1066 3760 1253 3826 divinitatem,
1267 3776 1319 3816 nec
1334 3760 1388 3816 alia
1404 3776 1483 3832 quae-

338 3861 456 3916 cumquc
473 3849 615 3921 religionis
633 3847 852 3920 supernaturalis
875 3849 964 3920 capita
981 3850 1144 3917 credebant,
1162 3865 1194 3906 ea
1212 3859 1321 3907 tantum
1337 3851 1367 3907 in
1387 3850 1484 3923 Scrip-

338 3937 409 3992 turis
428 3941 577 4009 conspicere
594 3955 627 3996 ac
643 3939 760 4011 probare
775 3939 957 3995 decreverunt
974 3957 1035 4011 quae
1054 3940 1255 4014 intelligerent,
1273 3941 1380 4013 reliqua
1398 3956 1482 4008 vero,

339 4028 363 4084 si
379 4043 441 4099 qure
456 4043 601 4086 occurrere
612 4033 772 4087 viderentur
784 4029 885 4087 rationi
898 4030 1047 4103 impervia,
1061 4032 1099 4088 ita
1116 4032 1307 4103 interpretari,
1321 4039 1352 4089 ut
1368 4032 1482 4089 tandem

369 4199 413 4262 (l)
426 4200 540 4267 Lessing,
555 4204 710 4262 Anti-Gb'tzc‚
724 4208 785 4252 tom.
798 4203 817 4251 l.

369 4279 415 4345 (2)
426 4286 468 4333 Dic
478 4284 617 4335 christliche
629 4285 835 4343 Gloubeooleltre,
848 4285 922 4345 lero
935 4291 995 4336 tom.
1008 4285 1018 4334 l
1029 4321 1035 4348 ,
1046 4301 1073 4352 p.
1088 4289 1144 4336 lta.
