3166 5168
403 357 489 401 carn.
512 357 668 402 nnrnonns
690 355 906 400 ruinosornrca
927 354 1148 398 conrrnuarnn.
1294 341 1352 400 165

216 499 1351 577 mmffimmwmmmmwwmfflmmm

216 609 281 665 que.
304 593 342 648 Ea
361 608 425 666 ergo
450 608 504 648 una
526 593 672 648 methodus
698 608 759 662 quae
780 599 856 647 tenet
877 590 1018 646 bominem
1042 603 1154 645 externa
1180 590 1355 648 institutione

216 683 401 740 erudiendum
414 699 475 739 esse
489 691 594 739 naturae
607 683 715 757 legibus
729 681 841 738 omniuo
854 689 1001 747 consonam
1016 681 1084 751 quin
1098 681 1182 736 etiam
1195 697 1226 737 ea
1240 691 1271 738 nt
1284 683 1354 756 legis

216 772 402 828 institutionis
424 772 566 842 expressio
589 772 738 845 singularis
761 787 792 828 ac
812 774 933 841 position
956 772 1081 828 habenda
1103 780 1155 829 est.
1178 773 1283 844 Nempe
1307 774 1354 845 qni

217 864 307 938 legem
330 863 489 920 condiderat
509 878 569 917 eam
588 864 698 936 agnovit
720 872 748 918 et
769 862 859 918 denuo
886 863 959 918 eirca
983 877 1014 918 aa
1040 879 1101 935 quae
1123 863 1265 936 religionis
1289 873 1355 920 sunt

218 953 352 1025 peculiari
374 954 480 1010 ratione
501 953 624 1010 delinivit
642 969 674 1010 ac
694 953 839 1025 expressit.

256 1045 341 1100 Porro
360 1045 485 1099 eamdem
505 1045 689 1101 institutionis
706 1054 789 1117 atque
808 1043 980 1101 auctoritatis
993 1045 1153 1101 methodum
1169 1056 1274 1102 naturae
1286 1046 1353 1119 legi-

218 1132 272 1189 bus
289 1149 323 1189 ex
341 1143 398 1191 toto
416 1151 566 1192 consonare
585 1138 638 1192 alia
658 1137 740 1192 etiam
758 1136 864 1192 ratione
884 1136 1047 1191 ostenditur.
1063 1135 1134 1203 Quid
1148 1135 1240 1192 enim?
1253 1135 1355 1195 Oculos

219 1224 400 1295 conjiciamus
425 1225 615 1280 inhominem
639 1226 799 1282 societatem
825 1241 943 1296 qnorum
968 1225 1038 1281 ratio
1065 1242 1119 1281 non
1136 1226 1193 1297 jam
1212 1227 1355 1298 consopita

221 1314 271 1368 sed
292 1313 362 1370 bene
383 1315 490 1371 exculta
510 1324 553 1370 est
564 1332 572 1383 ;
585 1315 764 1386 inspiciamus
778 1316 930 1370 humanum
947 1317 1142 1372 commercium
1160 1327 1241 1388 prout
1253 1318 1356 1389 ubique

220 1413 250 1460 et
267 1413 399 1476 perpetuo
419 1406 543 1462 cernitur
560 1423 567 1462 :
585 1421 677 1462 noune
694 1405 721 1461 id
742 1403 823 1461 efficit
836 1404 995 1476 quotidiana
1007 1406 1175 1473 necessitas,
1189 1415 1220 1461 ut
1232 1407 1279 1462 alii
1291 1407 1355 1463 aliis

221 1492 303 1550 lidem
315 1494 417 1550 habere
428 1496 547 1552 debeant
566 1497 595 1550 in
608 1497 691 1551 rebus
704 1494 786 1550 etiam
805 1493 996 1568 gravissimis?
1010 1496 1106 1552 Nonne
1118 1497 1187 1553 tides
1200 1498 1246 1553 illa
1258 1507 1355 1555 mutua

221 1585 351 1640 universa
372 1586 512 1643 societatis
533 1587 642 1642 vincula
662 1583 802 1643 continet‘.l
819 1586 886 1654 Quis
904 1601 967 1659 ergo
985 1586 1086 1641 dixerit
1098 1586 1194 1654 fidem,
1207 1603 1290 1659 qnam
1302 1589 1355 1644 Ec-

220 1676 313 1732 clesiae
326 1676 463 1750 magistra
483 1676 665 1735 adhibendam
688 1675 853 1747 praecipiunt
872 1675 1012 1742 catholici,
1027 1677 1154 1731 humanae
1168 1686 1272 1733 naturae
1283 1678 1355 1748 juri·

221 1765 274 1821 bns
296 1765 449 1834 adversari,
463 1767 529 1822 dum
549 1766 706 1837 quotidiano
728 1767 915 1838 experimento
933 1773 1040 1821 constet
1057 1765 1129 1820 inter
1143 1766 1268 1822 homines
1285 1782 1356 1837 pene

222 1856 314 1911 omnia
339 1854 393 1912 fide
418 1857 461 1929 agi
490 1857 639 1928 eademque
663 1855 815 1913 contineri?
838 1877 852 1910 n
874 1855 971 1924 Quaero
988 1857 1079 1923 enim,
1105 1857 1144 1913 ait
1168 1856 1355 1931 Augustinus,

222 1946 247 2002 si
265 1947 321 2020 (uti
334 1949 430 2003 volunt
442 1947 641 2023 rationalistae)
657 1950 728 2021 quod
747 1949 869 2005 nescitur
882 1947 1049 2004 credendum
1071 1963 1125 2002 non
1144 1955 1200 2014 est,
1219 1948 1356 2018 quomodo

221 2037 345 2092 serviant
366 2037 529 2109 parentibus
546 2038 640 2104 liberi,
661 2055 763 2111 eosque
782 2052 877 2095 mutua
896 2039 998 2110 pietate
1016 2037 1130 2109 diligant
1146 2053 1215 2109 quos
1228 2047 1357 2108 parentes

222 2140 289 2181 suos
311 2141 446 2182 essenon
464 2126 596 2183 credant?
616 2128 675 2184 Non
695 2129 768 2185 enim
791 2130 897 2185 ratione
917 2128 974 2184 ullo
994 2136 1074 2199 pacto
1096 2128 1161 2183 seiri
1182 2136 1292 2200 potest:
1308 2128 1358 2184 sed

225 2215 390 2288 interposita
411 2218 507 2273 matris
531 2220 694 2276 auctoritate
712 2219 746 2275 de
769 2227 846 2290 patre
871 2219 993 2276 ereditur
1013 2235 1020 2273 :
1044 2218 1078 2275 de
1095 2218 1155 2290 ipsa
1181 2234 1246 2275 vero
1271 2227 1359 2274 matre

225 2307 389 2378 plerumque
410 2323 462 2364 neo
479 2309 576 2374 matri,
596 2309 643 2364 sed
661 2309 872 2375 obstetricibus,
892 2309 1060 2376 nutricibus,
1083 2308 1202 2364 famulis.
1225 2308 1294 2363 Nam
1313 2308 1359 2364 cui

225 2395 312 2452 iurari
334 2397 408 2454 lilius
430 2408 536 2470 potest,
550 2400 676 2470 aliusque
699 2401 830 2472 supponi,
853 2416 945 2456 nonne
967 2409 1058 2472 potest
1081 2400 1194 2470 decepta
1213 2396 1359 2469 decipere?

225 2485 370 2545 Credimus
382 2498 488 2557 tamen,
502 2499 529 2545 et
541 2490 602 2546 sine
615 2491 670 2544 ulla
683 2489 854 2546 dubitatione
867 2490 1018 2556 credimus,
1033 2489 1105 2560 quod
1124 2489 1196 2544 scire
1208 2503 1264 2543 non
1277 2500 1359 2558 posse

225 2577 398 2634 confitemur.
418 2579 487 2647 Quis
509 2580 583 2636 enim
603 2597 658 2636 non
676 2581 768 2637 videat
786 2580 931 2652 pictatem,
949 2578 1005 2634 uisi
1024 2579 1061 2632 ita
1082 2577 1134 2641 sit,
1152 2576 1359 2632 sanctissimum

224 2667 335 2738 generis
354 2667 467 2722 humani
492 2669 648 2736 vinculum,
669 2669 868 2740 superbissimo
886 2669 990 2724 scelere
1008 2665 1122 2723 violari?
1144 2666 1295 2737 Numquis
1315 2667 1360 2722 rel

225 2754 343 2807 insanus
361 2768 425 2808 eum
443 2754 608 2825 culpandum
630 2764 722 2825 putet,
740 2757 787 2826 qui
810 2758 850 2812 eis
870 2756 958 2812 officia
977 2757 1069 2812 debita
1087 2756 1265 2827 impenderit,
1290 2772 1360 2827 quos

225 2850 354 2913 parentes
372 2858 434 2898 csse
456 2844 619 2912 crediderit,
638 2845 744 2901 eliamsi
763 2862 819 2903 non
838 2845 947 2904 esseut?
969 2847 1021 2916 Qui
1039 2854 1135 2902 contra
1156 2860 1210 2900 nou
1230 2845 1360 2900 extermi-

225 2931 347 2987 nandum
365 2933 544 3004 judicaverit,
563 2935 610 3007 qui
628 2951 709 2992 veros
728 2935 845 2992 fortasse
863 2946 990 3010 parentes
1009 2937 1123 2992 minime
1139 2936 1278 3003 dilexerit,
1292 2936 1359 2992 dum

225 3038 262 3077 ne
281 3022 365 3080 falsos
387 3024 484 3098 diligat
502 3024 622 3081 metuit?
640 3027 728 3081 Multa
738 3033 851 3096 possunt
870 3028 976 3097 efferri,
994 3027 1093 3099 quidne
1110 3027 1265 3082 ostendetur
1288 3026 1360 3081 nibil

225 3115 335 3168 omnino
351 3115 478 3170 bnmune
496 3119 631 3171 societatis
649 3119 782 3172 incolume
803 3135 956 3186 remanere,
976 3121 1000 3173 si
1019 3119 1090 3174 nenti
1109 3119 1213 3174 credere
1229 3119 1359 3174 statueri-

223 3223 299 3276 mut,
314 3211 386 3279 qnod
401 3226 457 3265 non
473 3226 617 3280 poscumus
640 3216 726 3265 tenere
744 3218 901 3282 perceptum
921 3207 978 3286 (l).
994 3230 1009 3263 n

261 3298 299 3354 Ea
321 3299 406 3372 igitur
427 3308 470 3355 est
491 3300 606 3355 humani
630 3301 762 3355 consortii
781 3300 840 3367 lex,
860 3318 914 3357 uon
929 3301 1090 3374 utquisque
1109 3302 1162 3357 sibi
1184 3301 1360 3374 permittatur

224 3387 335 3460 sibique
354 3391 402 3444 uni
426 3390 505 3457 fidat,
529 3392 578 3446 sed
600 3399 632 3446 ut
654 3391 735 3446 homo
758 3389 864 3445 homini
886 3388 968 3444 fidem
987 3390 1101 3456 habeat,
1124 3398 1209 3461 utque
1230 3390 1302 3444 alius
1324 3390 1359 3444 ab

224 3479 279 3535 alio
297 3480 436 3537 doceatur.
450 3482 551 3538 Nullus
569 3491 612 3538 est
625 3481 768 3536 bominum
782 3479 848 3552 qui,
868 3479 897 3532 in
917 3479 1038 3553 agendo,
1056 3479 1147 3551 legem
1166 3479 1237 3534 hanc
1255 3487 1361 3535 naturae

225 3579 389 3642 aspernetur
401 3580 483 3643 atque
496 3572 530 3628 ab
543 3587 574 3627 ea
589 3588 619 3628 se
638 3572 760 3628 solutum
773 3569 903 3642 praebeat.
922 3569 956 3624 Et
968 3585 1046 3637 vero,
1067 3570 1140 3642 qnod
1158 3578 1238 3626 acute
1256 3570 1361 3626 notavit

224 3658 413 3732 Augustinus,
437 3680 452 3713 n
475 3663 537 3732 ipsa
554 3662 685 3728 cleriter,
709 3678 768 3733 pne
790 3662 844 3716 ridi
868 3662 984 3716 e'nm'cem
1009 3662 1129 3716 domines
1150 3663 1219 3716 nodo
1244 3663 1361 3716 unitatis

224 3751 387 3821 adstrinpr't,
400 3767 455 3806 non
472 3753 579 3807 baberet
594 3753 700 3806 aditum
715 3752 945 3820 refundendorum
958 3755 981 3805 et
993 3754 1074 3822 quusi
1083 3751 1280 3807 miscendorum
1291 3751 1360 3805 stet-

224 3847 277 3896 met
301 3844 475 3907 animorum,
499 3844 524 3897 ed
545 3843 665 3897 dominer
684 3842 756 3896 nibil
779 3845 909 3897 discerent
929 3840 989 3916 li),
1005 3861 1020 3894 n
1039 3840 1150 3897 Sublata
1169 3841 1229 3914 lege
1247 3841 1360 3897 institu-

226 3931 324 3998 tionis,
337 3933 481 3988 tolleretur
500 3933 669 4005 praecipuum
687 3933 827 3989 societatis
839 3932 992 3989 vinculum.

262 4021 391 4079 Attamen
409 4024 497 4096 legem
515 4024 590 4079 illam
604 4036 776 4094 supremam,
792 4022 821 4077 in
839 4038 870 4079 ea
889 4038 950 4093 quae
966 4037 1041 4078 nunc
1053 4029 1096 4079 est
1109 4028 1214 4078 naturae
1226 4016 1364 4077 conditio·

258 4176 303 4242 (1)
321 4183 354 4228 De
364 4180 472 4229 utilitate
482 4180 609 4239 credendi,
621 4194 643 4228 c.
655 4177 711 4237 llll,
726 4193 753 4227 n.
769 4179 811 4227 26.

258 4254 302 4324 (2)
320 4263 352 4312 be
361 4262 475 4312 doctrine
485 4262 636 4325 christiane,
649 4262 749 4326 Prolep.
763 4275 790 4313 u.
803 4263 828 4310 6.
