3150 5160
499 355 524 397 s.
539 352 671 398 unauarts
686 353 837 398 nonanus.
1201 337 1240 394 at

93 516 163 557 vero
176 500 320 572 episcopos
337 498 556 566 constituerunt,
570 498 617 571 qui
631 498 669 554 ita
682 496 814 571 deinceps
827 513 890 554 sese
903 499 1020 554 invicem
1035 500 1063 554 in
1077 505 1241 570 perpetuum

95 591 267 662 excipientes
286 588 381 661 populi
401 588 546 645 christiani
564 589 691 646 doctores
711 599 738 645 et
757 589 842 646 duces
861 589 1039 645 haberentur.
1052 618 1090 629 —-
1103 587 1242 655 Quantum

94 691 191 737 autem
211 681 270 736 haec
291 679 416 736 doctrina
439 695 455 735 a
473 680 687 750 protestantium
706 680 770 736 fidei
793 681 887 753 regala
910 678 1032 745 differat,
1054 687 1244 748 quantumque

96 772 223 828 numeris
236 771 366 828 omnihus
378 785 443 825 cam
458 786 489 825 ea
503 785 585 841 quam
599 779 627 826 et
640 771 788 826 hodiedum
803 769 931 826 catholici
945 777 1059 825 tuentur
1072 765 1240 831 consentiat,

95 876 179 916 nemo
201 861 310 931 estqui
330 860 504 916 nonvideat.
526 862 663 933 Perpetuo
686 863 759 918 enim
782 861 949 933 principium
971 857 1145 914 auctoritatis
1168 870 1244 910 com·

95 952 210 1007 mendat
236 949 379 1017 Clemens;
403 960 536 1022 perpetuo
561 951 690 1022 praedicat
716 952 840 1026 singulos
866 949 970 1006 Christi
993 947 1089 1004 ddeles
1113 947 1243 1018 episcopo

94 1041 199 1112 subjici
212 1040 327 1106 debere;
342 1042 381 1096 ita
398 1050 428 1097 ut
440 1057 474 1096 ex
488 1042 550 1114 eius
563 1045 700 1098 sententia
714 1058 768 1098 non
782 1042 902 1114 amplius
919 1040 1063 1096 veritatem
1078 1054 1110 1094 ac
1122 1039 1242 1094 salutem

95 1141 194 1187 tenere
209 1131 344 1187 dicendus
362 1132 412 1198 sit,
425 1132 549 1203 adeoque
562 1147 612 1187 nec
625 1133 795 1188 christianus
814 1131 949 1188 nominari
964 1131 1052 1203 possit
1069 1128 1153 1199 isqui
1168 1127 1242 1198 cpis-

96 1237 167 1293 copo
186 1221 353 1295 refragetur,
374 1221 475 1294 quippe
496 1222 543 1292 qui
566 1222 776 1293 Apostolorum,
797 1221 900 1277 Christi
920 1228 948 1276 et
971 1219 1061 1291 ipsius
1079 1219 1127 1274 lici
1153 1216 1243 1272 Patris

95 1313 174 1368 vices
192 1312 220 1366 in
246 1311 329 1367 terris
348 1320 441 1386 gerat,
469 1320 552 1382 atque
574 1312 643 1368 adeo
660 1312 708 1383 qui
723 1312 851 1384 episcopo
868 1325 918 1366 scu
934 1307 1092 1366 auctoritati
1115 1307 1241 1371 resistat,

96 1402 147 1460 bet
164 1402 332 1460 ordinationi
345 1403 466 1460 resistat.

640 1591 699 1663 aa.

417 1789 440 1830 S.
461 1787 595 1838 lGM'l'fflS,
615 1786 763 1828 damaetam
783 1785 935 1828 aristaeus.

136 1953 164 2010 S.
189 1953 326 2027 lgnatiuS‚
348 1954 380 2009 1).
400 1954 512 2011 loannis
533 1952 701 2025 discipulus,
720 1968 736 2008 a
759 1969 813 2025 quo
836 1954 919 2010 etiam
939 1952 1092 2009 Antiochiae
1114 1952 1143 2006 in
1165 1949 1243 2023 Syria

96 2046 247 2116 episcopus
273 2044 326 2099 luit
350 2044 496 2102 institutus
510 2043 572 2119 (ll,
595 2045 661 2100 dum
680 2045 796 2099 Romam
818 2054 924 2116 peteret
939 2043 1091 2100 bestiarum
1113 2041 1244 2096 dentibus

95 2134 286 2205 objiciendus,
302 2135 397 2206 sicque
414 2136 533 2208 glorioso
551 2135 682 2209 martyrio
699 2135 784 2190 vitam
798 2134 957 2201 clausurus,
972 2142 1078 2204 septem
1096 2132 1125 2187 in
1143 2132 1244 2187 itinere

95 2224 265 2295 conscripsit
282 2225 415 2296 epistolas
440 2243 501 2299 quae
518 2227 609 2283 adhuc
637 2235 798 2297 supersunt.
815 2225 863 2282 llae
881 2235 973 2281 autem
992 2233 1058 2281 sunt
1078 2225 1105 2278 l⁰
1121 2223 1244 2296 Epistola

96 2314 133 2368 ad
151 2313 298 2384 Ephesios,
309 2316 339 2370 2⁰
356 2316 391 2371 ad
408 2317 610 2390 llaguesianos‚
625 2318 654 2373 5⁰
669 2319 704 2374 ad
721 2318 889 2382 Trallianos,
903 2317 933 2372 ll⁰
947 2316 982 2372 ad
1000 2317 1152 2380 Romanos,
1166 2314 1195 2370 5⁰
1208 2314 1243 2370 ad
1344 2383 1348 2389 g

96 2404 319 2476 Philadelphus,
333 2405 361 2461 6ο
373 2407 408 2462 ad
421 2406 590 2480 Smyrnaeus,
606 2410 633 2462 1ο
645 2409 680 2464 ad
695 2408 884 2480 Polycarpum.

145 2493 174 2550 Si
199 2496 233 2551 ad
257 2497 396 2553 Romanos
418 2497 499 2554 etad
522 2498 704 2571 Polycarpum
727 2497 860 2568 epistolas
885 2494 1046 2567 exceperis,
1073 2494 1102 2549 in
1129 2492 1244 2564 reliquis

97 2586 229 2642 omnibus
249 2587 322 2641 idem
339 2587 396 2644 fere
419 2604 520 2660 scopus
540 2589 680 2656 cernitur,
700 2590 796 2644 cadem
816 2587 949 2644 doctrinae
971 2600 1088 2640 summa.
1108 2583 1243 2651 Quoniam

98 2691 200 2745 nempe
218 2685 284 2731 tunc
304 2678 436 2748 temporis
455 2679 484 2733 in
507 2678 573 2733 hsia
592 2680 690 2734 llinori
709 2678 908 2752 grassabantur
926 2676 1131 2741 Ebionitarum,
1149 2673 1245 2729 ludai-

98 2764 220 2818 zantium
239 2779 272 2818 ac
284 2765 447 2819 Docetarum
466 2782 587 2832 errores,
603 2784 635 2824 eo
654 2770 682 2823 in
701 2769 799 2840 primis
818 2775 945 2838 spectant
964 2765 1060 2837 ignatii
1080 2763 1193 2829 litterae,
1214 2770 1245 2818 ut

98 2853 135 2908 ab
149 2852 212 2907 istis
225 2853 378 2908 haeresibus
390 2853 556 2910 christianos
572 2864 707 2911 avertant.
723 2858 752 2911 ln
767 2858 802 2911 iis
823 2872 904 2927 porro
918 2856 1060 2911 erroribus
1072 2853 1244 2921 relelleudiS,

100 2957 157 2998 uon
179 2940 208 2996 in
230 2943 401 3015 argumentis
424 2943 584 3000 theoreticis
607 2946 767 3015 praesidium
789 2946 915 3002 veritatis
937 2947 1053 3001 collocat
1076 2944 1103 3002 S.
1127 2945 1244 3016 hlartyr;

100 3031 150 3089 sed
179 3032 206 3088 id
231 3041 325 3089 eontra
352 3033 523 3090 adversarios
552 3035 689 3106 praecipue
711 3045 803 3108 urget,
827 3037 899 3108 apud
922 3053 970 3094 eos
994 3045 1103 3093 tantum
1128 3038 1245 3109 reperiri

99 3137 193 3177 veram
220 3123 373 3179 doctrinam
399 3124 446 3194 qui
472 3125 563 3198 gregis
587 3125 721 3181 Dominiei
747 3127 832 3182 duces
854 3142 886 3182 ac
913 3137 1039 3199 pastores
1061 3144 1077 3183 a
1099 3130 1154 3184 Deo
1180 3136 1246 3184 sunt

100 3212 259 3279 constituti;
274 3222 302 3269 et
317 3212 378 3269 ideo
397 3213 479 3268 etiam
498 3224 580 3285 atquc
594 3215 677 3271 etiam
691 3217 818 3273 hortatur
835 3215 930 3274 fideles
947 3228 1072 3290 utquam
1089 3219 1247 3275 arctissime

101 3300 231 3373 episcopo
247 3301 419 3367 adhaereant,
438 3305 489 3359 rati
508 3320 570 3360 eum
590 3306 639 3362 Dei
657 3307 732 3363 vices
749 3307 777 3362 in
798 3309 880 3365 terris
897 3325 1005 3381 gerere,
1019 3317 1047 3364 et
1063 3310 1100 3364 ita
1117 3309 1245 3380 quidem,

103 3399 135 3444 ut
152 3406 233 3446 nemo
252 3406 315 3447 cum
332 3393 387 3449 Deo
404 3393 533 3468 conjungi
554 3396 643 3467 possit
661 3398 728 3467 quin
749 3397 831 3452 simul
851 3399 973 3470 episcopi
992 3399 1119 3455 mandata
1136 3410 1163 3457 et
1181 3401 1249 3456 doc-

102 3481 204 3536 trinam
231 3491 360 3538 sectetur.
387 3482 469 3540 Plura
494 3485 579 3558 igitur
604 3501 691 3558 eaque
713 3487 825 3543 maximi
852 3489 984 3544 momenti
1010 3489 1082 3560 apud
1109 3490 1249 3564 ignatium

102 3582 253 3628 occurrunt
267 3582 324 3629 tum
339 3574 512 3640 testimonia,
530 3585 590 3631 turn
605 3586 781 3647 argumenta,
798 3577 901 3648 quihus
914 3578 1064 3651 magisterii
1086 3595 1135 3635 seu
1151 3580 1249 3636 Eccle-

104 3663 154 3718 siae
176 3663 327 3719 auctoritas
357 3674 496 3721 statuatur
524 3675 552 3722 et
580 3668 796 3725 commendetur.
821 3669 980 3726 Videbimus
1000 3679 1093 3725 autem
1113 3681 1247 3740 quantum

102 3753 138 3808 ab
156 3752 217 3822 ejus
235 3761 327 3809 mente
345 3755 491 3812 abhorreat
510 3759 723 3827 protestantium
742 3759 852 3832 regula,
874 3775 1011 3831 quamque
1029 3771 1104 3816 arcta
1123 3778 1155 3818 ac
1173 3762 1247 3817 indi-

103 3842 183 3897 vulsa
203 3842 255 3907 sit,
269 3857 303 3897 ex
320 3842 409 3915 ipsius
428 3847 580 3915 sententia,
595 3850 769 3905 necessitudo
784 3865 845 3920 quac
863 3850 980 3906 interest
997 3851 1069 3906 inter
1083 3853 1244 3926 religionem

104 3933 284 3988 christianam
301 3943 329 3987 et
344 3934 473 3992 Ecclesiae
490 3937 684 3994 auctoritatem
700 3955 706 3994 :
721 3940 777 3995 imo
795 3940 930 4010 ejusmodi
944 3950 985 3997 est
997 3941 1137 3997 vinculum
1155 3942 1243 4007 istud,

105 4031 137 4078 ut
155 4023 225 4078 hauc
242 4024 276 4078 ah
294 4022 340 4077 illa
357 4024 479 4097 ignatius
492 4043 633 4097 nunquam
650 4029 793 4102 sejungat,
811 4045 863 4084 neo
875 4031 967 4086 animo
983 4031 1093 4102 quidem
1109 4031 1245 4101 concipiat

105 4114 164 4170 lieri
179 4130 258 4185 posse
270 4122 300 4169 ut
316 4129 379 4170 uera
395 4117 520 4173 doctrina
538 4126 613 4173 extra
631 4119 821 4193 magisterium
834 4133 850 4173 a
863 4118 972 4176 Christo
991 4121 1148 4178 institutum
1164 4134 1245 4190 rope-

138 4257 183 4323 (1)
195 4266 255 4311 Acta
268 4265 374 4328 llarlyr.
387 4267 411 4314 S;
423 4267 518 4330 ignat,
530 4280 551 4314 c.
566 4269 589 4314 l.
601 4265 690 4316 Eureia.
702 4267 728 4316 lt·
741 4282 761 4314 c.
775 4263 814 4314 lll.
827 4268 867 4314 56.
