3150 5160
665 366 897 411 rnnruuumnus.
1311 352 1352 413 45

209 512 279 582 petit
300 507 386 583 (1).»
407 509 441 566 Ει
459 525 537 577 vero,
558 509 663 580 iuquit,
683 525 739 568 nou
759 510 850 568 estin
871 510 1023 584 Scriptnris
1042 512 1269 570 constituendum
1289 528 1352 570 cum

212 599 352 657 haereticis
371 609 526 666 certamen,
543 599 674 672 qnoniam
695 601 801 672 primo,
818 602 934 658 docente
954 601 1101 674 Apostolo,
1124 603 1246 661 baeretici
1268 604 1354 661 corri-

211 689 306 761 piendi
323 699 390 746 suut
409 688 588 763 (hoereticum
604 690 745 747 homiuem
765 701 828 763 post
846 707 930 747 unam
945 695 1141 764 correptionem
1158 693 1283 768 devita),
1297 711 1353 752 non

210 782 246 838 ad
266 780 478 852 disceptandum
496 781 659 837 admittendi
678 779 740 853 (lh
758 781 858 837 deiude
876 782 1032 854 «quoniam
1051 783 1123 839 nihil
1143 784 1268 855 proiciat
1286 800 1353 841 con·

210 872 320 947 gressio
337 871 557 943 Scripturarum,
577 870 630 927 nisi
649 870 729 941 plane
746 880 777 927 ut
793 871 928 928 stomachi
942 887 996 944 qua
1012 871 1088 928 ineat
1103 873 1291 941 eversionem,
1304 883 1354 931 ant

211 962 361 1028 cerebrm»
379 971 408 1018 et
425 962 553 1029 tandem,
573 960 646 1032 quod
664 961 705 1016 rei
725 971 807 1032 caput
826 972 882 1026 εει,
901 963 966 1034 quie
985 962 1054 1018 illud
1073 973 1116 1020 εει
1134 975 1229 1021 contra
1248 975 1353 1024 natnrae

211 1052 359 1109 ordinem:
376 1053 474 1126 «Ergo
489 1068 544 1108 nnn
557 1052 592 1108 ad
604 1052 762 1124 Scripturas
776 1052 994 1124 provocandum;
1009 1068 1060 1109 noc
1075 1053 1105 1108 in
1122 1054 1167 1110 bis
1182 1055 1353 1112 constituen-

211 1139 278 1196 dum
298 1149 454 1208 certamen,
475 1141 502 1197 in
525 1142 627 1214 quibus
645 1152 694 1199 aut
715 1142 804 1209 nulla,
824 1152 872 1199 ant
893 1143 998 1198 incerta
1017 1143 1133 1199 victoria
1155 1153 1213 1211 est,
1233 1155 1281 1202 aut
1303 1162 1353 1218 par

211 1230 334 1288 incertae.
354 1232 423 1287 Nam
441 1232 494 1288 etsi
512 1248 566 1288 non
585 1233 623 1289 ita
640 1232 768 1289 evaderet
784 1233 902 1290 conlatio
922 1233 1139 1305 scripturarum,
1161 1244 1190 1290 nt
1207 1244 1353 1307 utramque

210 1330 319 1393 partem
335 1321 461 1388 sisteret,
476 1336 544 1379 onno
561 1339 649 1379 neuun
666 1338 843 1379 nestorianum
859 1324 927 1380 illud
947 1324 1024 1396 prins
1042 1323 1174 1395 proponi,
1187 1325 1259 1395 qnod
1278 1341 1354 1381 nnnc

210 1414 303 1471 solnm
320 1412 517 1486 disputandum
537 1423 580 1472 εει
598 1414 721 1486 :quibus
741 1423 879 1486 competat
897 1414 966 1471 lides
986 1415 1045 1486 ipsa
1060 1431 1067 1470 ι
1084 1416 1165 1486 cujus
1184 1416 1241 1472 sint
1259 1414 1352 1487 Scrip-

210 1512 281 1559 turas
299 1519 305 1557 τ
325 1519 340 1558 a
359 1519 429 1574 quo,
449 1513 477 1560 ει
494 1519 544 1576 per
562 1520 647 1576 quos,
667 1513 695 1560 et
714 1505 838 1576 quando,
861 1514 890 1560 et
909 1505 1009 1576 quibus
1029 1505 1066 1562 sit
1084 1506 1184 1562 tradita
1204 1505 1352 1578 disciplina

209 1608 265 1665 qna
290 1592 361 1649 finnt
384 1593 539 1650 christiani.
556 1594 608 1652 Ubi
630 1594 704 1650 enim
725 1595 885 1666 apparuerit
904 1611 966 1665 εεεε
986 1595 1131 1652 veritatem
1153 1604 1181 1651 et
1198 1596 1353 1667 disciplinae

209 1692 238 1739 ει
257 1682 322 1740 fidei
341 1684 516 1752 christianae,
533 1685 591 1741 illic
608 1685 662 1741 erit
678 1685 781 1742 veritas
800 1685 1021 1757 Scripturarum,
1039 1694 1066 1742 ει
1086 1685 1304 1758 expositionum,
1324 1696 1353 1742 et

209 1774 334 1832 omnium
348 1775 530 1832 traditionum
543 1775 757 1832 christianarum
771 1772 860 1849 (5).»

256 1865 341 1922 Vides
362 1864 483 1936 proiecto
505 1879 586 1936 quam
609 1864 732 1935 perbelle
753 1866 800 1922 hic
820 1864 917 1922 doceat
937 1864 1125 1922 Tertullianus
1149 1863 1213 1935 quis
1238 1863 1351 1920 tandem

208 1956 459 2012 controuersiarum
470 1955 559 2025 judee
576 1954 613 2011 sit
630 1954 802 2011 statuendus.
821 1955 873 2012 Ubi
891 1971 956 2029 ergo
972 1956 1007 2011 de
1022 1954 1155 2027 peculiari
1170 1954 1269 2025 quovis
1286 1954 1352 2028 dog·

210 2053 296 2112 mate,
311 2045 384 2116 quod
403 2045 514 2117 quidem
528 2061 624 2101 verum
643 2046 762 2102 habeant
777 2046 840 2113 alii,
854 2045 955 2102 salsum
968 2044 1031 2112 alii,
1047 2045 1140 2116 aliqua
1157 2044 1251 2101 oborta
1268 2042 1352 2100 luerit

208 2137 390 2208 disceptatio,
414 2151 600 2208 nequaquam,
621 2145 653 2192 ut
675 2137 772 2192 volunt
793 2146 999 2208 protestantes,
1020 2151 1054 2192 ex
1076 2133 1227 2206 Scriptnris
1250 2134 1286 2191 lis
1308 2143 1352 2191 εει

209 2228 413 2299 componenda,
431 2227 533 2299 qnippe
549 2225 623 2298 quod
638 2242 731 2281 rerum
746 2227 841 2282 ordini
855 2226 1033 2292 adversatum
1051 2225 1075 2281 is
1092 2234 1186 2281 autom
1202 2225 1269 2282 ordo
1286 2241 1351 2297 pos·

209 2318 283 2374 tulat
301 2327 332 2374 ut
348 2318 426 2389 prius
442 2317 568 2373 videatur
585 2319 663 2386 cujus
679 2319 735 2373 rint
752 2316 915 2389 scripture.
926 2358 934 2372 .
945 2357 952 2372 .
963 2333 985 2382 .;
1004 2317 1056 2374 hoc
1075 2331 1194 2386 namque
1212 2317 1350 2387 praestito,

209 2407 281 2464 nihil
301 2408 421 2480 amplius
446 2410 584 2480 estquod
611 2424 731 2482 quaeras,
754 2418 802 2465 aut
824 2408 859 2464 de
875 2423 940 2464 vero
972 2406 1178 2478 scripturarum
1204 2405 1350 2462 intellectu

209 2498 350 2570 disputes,
370 2499 501 2556 invenisti
519 2501 594 2555 enim
615 2502 755 2556 ceritatem
772 2500 982 2571 Scripturamm
998 2503 1022 2552 et
1039 2498 1250 2568 expositionum.
1270 2495 1348 2562 Haeo,

209 2588 294 2644 velim
307 2605 429 2660 quoque,
443 2604 459 2645 ε
471 2599 563 2647 mente
579 2590 651 2646 elabi
664 2606 800 2661 nusquam
818 2590 911 2646 sinant
926 2588 1045 2662 theologi
1062 2587 1203 2652 catholici,
1218 2588 1265 2643 ubi
1284 2603 1347 2643 cum

210 2677 350 2733 haereticis
363 2679 521 2740 decertant,
536 2679 690 2748 praesertim
702 2695 767 2735 vero
780 2678 826 2735 nbi
840 2679 982 2752 religionis
994 2687 1054 2733 tum
1067 2677 1202 2749 principia
1215 2693 1248 2733 ao
1259 2679 1350 2752 loges,

211 2778 273 2822 tum
290 2767 417 2840 dogmata
434 2767 583 2838 peculiaria
601 2776 742 2838 exponunt
760 2769 927 2839 probautve3
950 2783 1031 2824 secus
1048 2767 1121 2823 enim
1140 2776 1237 2824 contra
1256 2784 1350 2824 rerum

211 2856 335 2910 ordinem
363 2864 476 2928 agerent
494 2863 522 2911 ει
546 2854 607 2925 ejus
624 2855 841 2926 perturbationis
865 2871 960 2927 poenas
986 2855 1127 2912 interdum
1145 2855 1261 2913 forsitan
1285 2856 1351 2914 dare

212 2956 328 3018 possent
342 2945 401 3020 (ll.

247 3101 292 3168 (ι)
304 3103 330 3154 C.
344 3105 384 3152 lt.

243 3183 288 3250 (ι)
302 3173 451 3250 uL’Eglise,
464 3191 493 3234 ut
504 3182 599 3235 alicubi
616 3163 681 3238 dixit
698 3200 780 3236 comes
791 3184 813 3235 l.
827 3183 865 3235 lle
876 3183 992 3247 ldaistre,
1005 3187 1070 3237 n’cst
1080 3201 1126 3253 pas
1138 3184 1353 3253 argumentatrice

208 3263 240 3316 de
252 3281 278 3314 sa
291 3274 390 3316 nature.
403 3282 417 3314 u

244 3347 291 3411 (3)
303 3347 330 3396 C.
344 3350 384 3397 19.

243 3428 288 3494 (l)
308 3427 387 3479 Probe
407 3434 491 3480 tamen
506 3430 774 3491 animadvertendum,
792 3445 870 3498 saepe,
888 3429 935 3482 nbi
955 3447 1013 3482 oum
1031 3429 1156 3482 haereticis
1175 3431 1220 3498 qui
1234 3431 1318 3483 omnia
1340 3447 1354 3482 e

208 3509 481 3576 Scripturiscoufioere
496 3512 586 3565 volunt
602 3512 675 3564 nohis
690 3529 731 3564 res
750 3521 800 3574 est,
818 3511 934 3563 adbiberi
952 3528 1024 3579 posse
1040 3511 1188 3564 methodum
1204 3511 1275 3562 illam
1290 3515 1355 3564 relu-

207 3597 285 3644 tioom
298 3608 342 3642 aen
360 3593 637 3655 odbomiuemdictam,
649 3611 757 3663 qumque
774 3595 801 3646 in
812 3609 842 3646 eo
857 3594 906 3647 sita
919 3603 956 3645 εει
974 3603 1003 3647 ut
1014 3608 1044 3644 ex
1056 3593 1193 3662 principiis
1210 3592 1354 3644 adversario

209 3672 324 3741 probatis
337 3683 486 3740 argumenta
498 3674 574 3727 ducas
592 3678 686 3744 quibus
703 3679 757 3746 ipse
775 3677 921 3736 rolellatnr,
936 3692 982 3728 neo
998 3675 1030 3727 de
1051 3675 1156 3727 istorum
1169 3674 1355 3744 principiorum

208 3757 330 3807 firmitate
346 3755 477 3823 inquirere
498 3757 599 3825 studeas
614 3774 621 3809 t
637 3759 791 3828 quandoque
808 3759 877 3809 enim
896 3758 987 3810 accidit
1003 3766 1031 3811 ut
1052 3773 1082 3808 ex
1099 3757 1160 3808 solis
1176 3773 1240 3824 quas
1263 3756 1355 3823 recipit

209 3838 350 3906 Scripturis
360 3838 430 3888 laoili
441 3840 552 3906 nogotio,
563 3840 614 3891 imo
625 3849 651 3893 et
661 3841 764 3893 brevius
775 3857 853 3909 quam
865 3840 885 3891 si
897 3839 972 3892 aliam
986 3841 1065 3892 inires
1073 3839 1142 3892 viam
1155 3840 1262 3892 refutari
1275 3840 1355 3907 possit

208 3918 352 3971 haereticus.
364 3921 459 3972 Verum
472 3921 497 3972 id
509 3938 567 3973 oum
578 3922 734 3975 Tertulliano
749 3939 849 3991 sempor
862 3921 894 3972 ob
906 3923 991 3974 oeulos
1006 3922 1097 3974 habeat
1108 3922 1239 3989 theologus
1254 3937 1354 3973 necesse

207 4010 260 4061 cst,
278 4001 402 4070 ejusmodi
419 4003 566 4055 methodum
583 4005 717 4056 relatiuam
734 4013 759 4056 et
778 4003 809 4055 ad
827 4003 956 4055 bominem
974 4011 1075 4056 tantum
1093 4020 1146 4054 esse
1165 4003 1354 4071 gratuitumque

208 4085 394 4136 concessionem
413 4085 566 4146 adversariis
584 4088 691 4148 laetam,
709 4101 870 4154 nequaquam
889 4101 949 4136 vcro
966 4085 1060 4136 reierre
1078 4102 1223 4152 germanam
1241 4081 1353 4135 methodi

207 4183 268 4217 sere
280 4167 425 4220 christiane
439 4166 562 4230 indolem,
576 4179 652 4236 atque
663 4168 724 4220 adeo
736 4185 786 4220 non
798 4165 936 4233 scripturis
947 4183 993 4219 ceu
1005 4167 1109 4236 proprio
1120 4184 1166 4219 suo
1186 4166 1352 4218 fundamento

210 4247 287 4299 inniti
304 4249 449 4304 christiane
467 4247 587 4302 doctrinae
608 4251 762 4303 firmitatem.
784 4253 908 4304 Gruterum
926 4250 979 4303 haec
1000 4251 1026 4302 in
1044 4257 1172 4318 posterum
1190 4248 1270 4315 magis
1284 4241 1352 4297 olera

209 4329 281 4379 sieut.
