3150 5160
241 379 300 437 902
628 393 666 434 nn
687 390 780 435 sacru
802 389 974 434 senserunt.

237 554 383 628 hypothesi
400 554 498 609 saltem
514 553 658 609 arbitraria
675 554 827 626 proficisci,
846 563 929 625 atque
948 554 978 607 in
998 568 1029 607 ea
1044 553 1172 609 universa
1189 550 1372 609 constitueret

238 646 291 703 Sed
306 647 364 700 haec
374 645 470 700 leviter
484 644 529 698 hic
542 645 666 718 attigisse
679 645 806 700 sufficiat.

275 736 342 805 Quae
355 752 439 806 quum
457 735 494 789 ita
510 736 582 801 sint,
603 735 729 790 catholici
747 750 797 790 nos
811 734 851 789 sic
864 733 1060 790 ratiocinamur
1074 749 1081 789 ε
1096 749 1111 790 ε
1124 749 1265 789 sacrarum
1284 733 1375 806 Scrip-

238 836 363 882 turarum
384 841 475 896 scopo,
488 826 628 896 uariisque
650 824 788 896 adjunctis
808 825 836 878 in
856 824 957 894 quibus
984 832 1101 879 exaratae
1119 823 1246 890 luerunt,
1265 840 1300 878 eu
1317 824 1377 896 ipsa

238 918 324 974 torma
337 925 364 972 et
376 917 483 972 ratione
502 932 563 986 quae
576 917 604 971 in
628 916 684 970 illis
704 916 841 981 cernitur,
856 915 1034 985 consequitur
1047 930 1093 970 eas
1106 913 1174 970 citra
1193 915 1378 970 temeritatem

237 1023 411 1079 nequaquam
432 1007 528 1061 baberi
553 1022 635 1077 posse
657 1015 796 1075 tamquam
823 1005 907 1060 totius
926 1006 1083 1060 christianae
1102 1004 1278 1061 revelationis
1303 1020 1379 1060 com-

237 1099 343 1169 pletum
364 1097 544 1167 numerisque
562 1097 691 1151 omnibus
706 1095 862 1149 absolutum
877 1095 1008 1150 codicem.
1023 1093 1082 1160 Quo
1101 1094 1205 1164 posito,
1221 1102 1250 1149 ut
1263 1095 1381 1165 quaestio

237 1188 347 1259 plenius
373 1188 508 1253 solvatur,
533 1186 607 1241 adsit
632 1200 745 1240 neccsse
769 1194 811 1239 cst
834 1200 930 1239 norma
952 1184 1076 1256 quaedam
1098 1183 1218 1254 perlecta
1236 1183 1271 1239 ad
1296 1200 1382 1256 quam

238 1278 363 1352 exigatur
381 1277 532 1348 Scriptura,
557 1285 588 1331 ut
601 1275 712 1330 tandem
733 1283 823 1346 pateat
842 1284 934 1329 utrum
949 1290 1046 1344 reapse
1061 1274 1118 1329 siut
1130 1276 1263 1330 nonnulla
1275 1276 1381 1332 doctri-

237 1384 280 1423 nae
295 1367 399 1422 Christi
419 1367 507 1438 capita
528 1381 589 1437 quae
608 1365 700 1419 inilia
718 1381 772 1419 nou
786 1372 942 1418 occurrant.
956 1364 1042 1419 Porro
1056 1366 1149 1437 regula
1171 1365 1223 1420 ista
1237 1367 1318 1422 nobis
1338 1377 1381 1423 est

238 1458 362 1513 Ecclesia
376 1473 453 1528 quae,
468 1456 599 1527 quoniam
614 1455 642 1509 in
657 1470 687 1510 se
700 1454 770 1528 gerit
790 1453 924 1526 integram
938 1452 1054 1521 Christi,
1069 1455 1238 1525 cujus-uices
1252 1457 1376 1528 supplet,

237 1548 448 1614 revelationem,
465 1547 568 1618 optimc
581 1545 658 1601 novit
670 1561 705 1599 an
720 1554 747 1600 ct
760 1560 904 1615 quousque
917 1544 1075 1599 universam
1088 1546 1213 1618 magistri
1225 1547 1376 1605 doctrinam

236 1636 358 1693 relcraut
372 1637 519 1708 Scripturae
533 1652 539 1690 :
554 1636 601 1689 illa
621 1644 713 1690 autem
728 1634 858 1689 nonnulla
874 1644 1014 1705 tamquam
1033 1635 1166 1691 divinitus
1185 1637 1286 1693 tradita
1304 1648 1376 1696 tenet

236 1744 297 1799 quae
316 1728 445 1799 nuspiam
466 1727 495 1782 in
516 1726 667 1798 Scripturis
687 1732 856 1796 comparent.
874 1724 1011 1780 Caeterum
1027 1727 1160 1781 nonnulla
1179 1727 1262 1783 etiam
1283 1729 1319 1786 de
1335 1730 1376 1787 his

237 1828 333 1892 postea
347 1834 444 1875 sumus
457 1817 575 1883 dicturi,
592 1816 639 1871 ubi
653 1815 688 1872 dc
701 1815 897 1871 traditionibus
911 1831 1002 1871 sermo
1016 1831 1148 1872 recurret.

274 1911 353 1967 Nunc
369 1924 434 1965 vcro
452 1906 601 1964 videndum
620 1913 706 1961 restat
719 1921 754 1959 au
774 1913 801 1960 et
815 1905 916 1975 quibus
933 1905 1057 1961 doctrina
1074 1907 1102 1961 in
1115 1907 1268 1980 Scripturis
1278 1910 1376 1968 tradita

236 2003 382 2074 perspicua
402 2001 439 2056 sit
460 1995 592 2055 dicenda?
610 1996 662 2052 Ubi
682 1996 717 2051 de
735 2010 877 2051 sacrarum
897 1994 1052 2052 litterarum
1071 2001 1267 2071 perspicuitate
1280 2004 1376 2059 obscu-

237 2093 352 2148 ritateve
369 2092 486 2164 quaestio
500 2089 672 2153 instituitur,
687 2087 714 2142 id
729 2087 757 2141 iu
771 2086 869 2158 primis
887 2087 972 2158 probe
988 2087 1022 2142 ob
1036 2089 1130 2144 ocitlos
1148 2090 1306 2147 habendum
1323 2104 1374 2160 est,

238 2200 293 2239 non
308 2193 363 2238 tam
381 2184 415 2238 de
439 2181 636 2255 perspicuitate
662 2179 786 2233 obsoleta
805 2193 887 2248 quam
906 2179 1024 2233 relation
1043 2179 1095 2251 agi.
1123 2180 1193 2246 Quid
1211 2180 1295 2278 ergo?
1311 2184 1380 2240 Fieri

239 2287 339 2343 nempe
361 2280 456 2342 posset
475 2280 506 2325 ut
525 2270 667 2341 Scriptura
695 2268 774 2339 plana
800 2276 828 2322 ct
848 2277 941 2338 aperta
965 2267 1035 2323 soret
1054 2269 1089 2324 iis
1112 2271 1158 2340 qui
1177 2270 1331 2327 doctrinam
1355 2274 1382 2329 iu

236 2378 268 2418 ea
288 2371 479 2419 occurrentem
506 2360 584 2430 prius
607 2360 678 2414 benc
705 2357 817 2412 sucrum
838 2359 941 2423 edocti,
964 2359 1030 2414 dum
1056 2369 1151 2415 contra
1169 2362 1336 2432 perobscura
1357 2373 1383 2420 ct

238 2453 350 2527 penitus
369 2451 569 2506 inextricabilis
592 2448 733 2504 videretur
748 2448 788 2502 illi
806 2449 886 2519 quus
902 2464 981 2504 mens
998 2449 1213 2505 christianorum
1226 2452 1382 2525 dogmatum

239 2559 338 2615 expers
357 2542 465 2597 existat.
486 2540 606 2596 Proinde
628 2548 659 2594 ut
676 2539 828 2594 secundum
848 2539 984 2610 principia
1001 2556 1062 2611 quae
1080 2541 1127 2596 hic
1148 2542 1183 2598 de
1201 2545 1382 2600 catholicismi

240 2644 268 2691 ct
282 2633 506 2706 protestantismi
526 2630 656 2686 methodo
674 2630 868 2702 expenduntur
885 2630 1044 2687 absolvatur
1063 2632 1192 2703 quaestio,
1209 2633 1325 2690 minime
1338 2650 1382 2691 eo-

239 2725 303 2782 dem
320 2726 379 2780 loco
397 2722 516 2778 habendi
538 2728 603 2776 sunt
622 2728 807 2791 protestantes
823 2729 851 2775 ct
869 2721 1012 2789 catholici,
1032 2737 1084 2776 nee
1105 2738 1170 2778 vero
1189 2723 1383 2794 inquirendum

239 2831 274 2869 an
292 2813 435 2885 Scriptura
454 2812 482 2866 iu
503 2812 663 2867 universum
684 2820 711 2866 et
728 2811 846 2865 absolute
864 2810 994 2866 omnibus
1012 2811 1069 2866 illis
1090 2813 1163 2866 clara
1182 2813 1219 2868 sit
1237 2829 1271 2868 au
1286 2816 1382 2872 obscu-

239 2919 278 2957 ra.
304 2903 426 2968 Etenim,
454 2902 526 2973 quod
553 2910 617 2956 ante
645 2902 758 2957 uberius
784 2900 836 2957 fuit
855 2900 1087 2968 demonstratum,
1117 2919 1150 2959 ex
1172 2907 1382 2976 protestantium

242 2993 371 3048 methodo
395 2991 514 3063 quisque
534 2992 587 3047 sibi
606 3008 638 3047 ea
657 3008 717 3064 quae
737 2992 878 3066 religionis
900 3001 966 3048 sunt
988 3009 1021 3048 ex
1045 2991 1196 3066 Scripturis
1219 3011 1317 3052 eruere
1335 2997 1383 3052 de-

240 3082 303 3146 bet,
323 3082 374 3135 hac
391 3081 502 3151 quidem
521 3082 642 3155 legem,
660 3098 745 3153 quum
762 3082 790 3136 in
811 3082 968 3154 Scripturas
988 3085 1186 3155 persolvendas
1199 3087 1309 3156 incidit,
1328 3088 1383 3144 altu

243 3170 366 3227 omnium
391 3171 548 3226 christianae
567 3171 743 3228 revelationis
765 3172 922 3247 dogmatum
947 3174 1119 3248 ignoratione
1142 3176 1262 3243 laboret;
1283 3187 1312 3234 ut
1332 3180 1383 3236 hoc

243 3269 322 3332 pacto
349 3269 441 3314 mente
463 3260 497 3315 ab
522 3261 596 3315 omui
619 3262 796 3333 praejudicata
819 3265 949 3336 opinione
972 3266 1054 3338 plane
1076 3267 1192 3322 immuni
1219 3283 1270 3325 suo
1295 3269 1383 3341 ipsius

243 3351 337 3408 studio
351 3367 384 3406 ex
399 3350 567 3407 nitidissimo
583 3351 657 3407 lonte
677 3353 788 3408 demum
808 3355 918 3410 hauriat
939 3372 1000 3426 quae
1019 3355 1146 3413 Christus
1165 3358 1311 3424 revelavit,
1328 3375 1383 3415 non

243 3450 336 3497 autem
353 3441 507 3497 doctrinam
520 3441 554 3497 ah
573 3442 636 3499 aliis
653 3444 812 3501 hominibus
832 3446 972 3518 accipiens
994 3447 1116 3517 periculo
1135 3464 1165 3504 se
1178 3450 1332 3505 committat
1350 3467 1384 3506 ue

244 3533 364 3588 humana
384 3542 537 3588 commenta
556 3532 658 3589 divinis
676 3533 881 3606 Scripturarum
901 3536 1020 3593 decretis
1042 3536 1086 3592 vel
1105 3538 1212 3596 inscius
1230 3539 1298 3596 forte
1316 3556 1382 3612 sup-

244 3632 336 3695 ponat.
361 3623 456 3694 ltaque
475 3622 529 3677 nisi
552 3639 646 3678 secum
668 3641 791 3698 pugnare
814 3626 901 3682 velint
927 3637 1114 3699 protestantes
1135 3639 1218 3700 atquc
1246 3632 1284 3687 ita
1305 3633 1382 3703 priu-

246 3714 348 3786 cipium
368 3712 441 3784 quod
459 3721 602 3784 tantopere
621 3713 764 3770 venditant
790 3714 918 3774 salsitatis
937 3719 992 3790 ipsi
1013 3735 1140 3792 arguere,
1161 3737 1276 3777 necesse
1294 3729 1382 3777 estut

245 3802 402 3876 Scripturas
429 3804 521 3876 legant
546 3820 602 3859 non
630 3819 710 3860 secus
736 3822 768 3861 ac
795 3807 855 3863 illas
885 3809 1035 3881 inspiceret
1055 3813 1231 3883 uolueretque
1256 3813 1381 3870 ethnicus

246 3892 383 3965 quispiam
395 3893 443 3963 qui
457 3893 634 3949 christianam
652 3896 813 3971 religionem
833 3901 943 3971 penitus
957 3902 1103 3974 ignoraret.
1117 3903 1196 3959 Patet
1214 3919 1278 3976 ergo
1296 3920 1380 3976 quan-

247 3992 307 4038 tum
329 3981 499 4038 discriminis
519 3983 631 4040 intersit
652 3987 802 4045 catholicos
823 3990 896 4045 inter
920 4000 948 4047 et
970 4000 1154 4063 protestantes
1177 4009 1184 4047 ε
1208 4009 1258 4050 nos
1281 3994 1379 4066 quippe

248 4072 296 4128 ubi
310 4071 465 4143 Scripturas
478 4073 600 4140 adimus,
619 4075 675 4146 jam
695 4077 787 4135 animo
804 4087 930 4137 tenemus
948 4080 1051 4137 Christi
1069 4081 1243 4138 revelationis
1259 4082 1378 4149 decreta;

248 4160 371 4232 adeoque
388 4161 513 4232 quamvis
524 4164 596 4220 clara
609 4175 636 4221 et
653 4168 798 4240 perspicua
819 4170 898 4226 uobis
917 4182 948 4228 ut
967 4172 1117 4245 plurimum
1136 4183 1212 4229 essct
1227 4172 1376 4246 Scriptura,

248 4252 318 4306 nihil
338 4251 401 4308 inde
421 4263 638 4324 consequeretur
657 4258 729 4328 quod
746 4261 957 4329 protestantium
970 4278 1080 4319 causam
1099 4262 1249 4335 quidquam
1264 4263 1376 4336 iuvaret.
