3150 5160
316 367 355 412 ne
377 365 547 412 nemorosis
568 363 658 410 sraru
678 328 818 408 reuvonr.
840 362 1062 410 mersmrmms
1082 363 1231 411 uosarcm.
1315 353 1351 412 ll

208 514 237 570 in
256 513 419 571 universum
432 513 663 575 adnumerantur;
675 509 716 565 illi
734 525 852 581 namque
863 508 899 566 ab
912 509 957 567 bis
978 510 1007 566 in
1020 526 1053 567 eo
1067 510 1187 567 maxime
1199 511 1353 580 dissident,

207 603 280 674 qnod
302 603 419 659 credunt
440 603 501 673 pios
523 607 723 673 postmortem
746 599 858 670 praemia
880 608 982 656 aeterna
1011 616 1138 668 manere,
1163 602 1264 674 impios
1286 619 1353 661 vero

208 694 359 764 supplicia,
378 708 411 748 ac
426 692 539 748 demum
558 690 624 747 olim
643 689 792 745 excitatum
811 689 846 745 iri
866 690 991 746 omnium
1010 691 1154 747 bominum
1173 708 1298 764 corpora.
1318 695 1355 751 At

208 784 336 854 quamvis
348 783 421 839 circa
435 783 493 838 baec
505 781 631 852 dogmata
644 794 707 835 cum
721 779 828 835 caeteris
840 776 943 835 ludaeis
957 780 1144 848 consentiunt,
1159 781 1215 837 imo
1228 783 1355 853 quamvis

208 886 263 927 non
283 887 380 928 omnes
398 871 561 927 traditiones
580 868 692 940 penitus
710 865 860 936 abjiciunt,
880 868 976 939 sicque
994 882 1029 922 ex
1049 869 1100 923 bac
1115 885 1225 941 quoque
1241 879 1320 942 parte
1337 887 1353 927 a

207 959 366 1018 Sadducaeis
383 962 477 1033 aliquo
499 960 597 1016 saltem
622 957 704 1014 modo
725 956 884 1029 discrepare
906 958 961 1013 dici
983 967 1114 1029 possunt,
1137 974 1153 1014 a
1176 959 1236 1015 suis
1259 968 1352 1017 tamen

208 1052 388 1125 popularibus
408 1051 582 1107 anathemate
598 1048 712 1121 percelli
729 1055 949 1114 consueverunt,
963 1048 1036 1118 quod
1058 1049 1238 1105 traditionum
1255 1051 1312 1106 vim
1325 1060 1358 1108 et·

208 1143 400 1198 auctoritatem
421 1140 538 1198 minoris
557 1138 667 1194 iaciant.
692 1135 786 1201 Corui,
809 1135 899 1207 inquit
918 1136 992 1191 Elias
1014 1136 1123 1203 Levita,
1145 1137 1259 1194 doctum
1278 1148 1306 1195 et
1324 1139 1354 1196 iu

209 1231 363 1305 Scripturis
380 1231 467 1288 sacris
491 1230 672 1286 exercitatum
693 1228 784 1284 virum
807 1226 953 1300 significat.
968 1246 983 1280 a
1001 1226 1055 1283 Sed
1078 1227 1107 1284 id
1124 1244 1240 1295 nomen,
1261 1230 1355 1287 dicere

210 1323 299 1394 pergit
314 1319 469 1376 Richardns
486 1318 642 1385 Simonide,
663 1316 772 1375 celebre
792 1316 858 1372 olim
877 1315 950 1386 apud
969 1315 1092 1382 iudaeos,
1114 1332 1148 1374 ex
1167 1335 1221 1390 quo
1241 1319 1353 1390 quidam

214 1412 394 1468 traditionum
405 1419 638 1482 contemptoresa
656 1407 763 1464 ceteris
775 1405 891 1470 iudaeis,
911 1406 965 1462 isto
981 1405 1154 1464 Caraitarnm
1171 1409 1295 1477 nomine,
1307 1426 1354 1466 se·

210 1501 366 1558 cessionem
385 1499 487 1567 iecere,
506 1498 608 1554 iniame
626 1506 654 1554 et
671 1512 786 1553 exosum
803 1496 933 1552 omnibus
956 1496 1053 1552 evasit.
1073 1497 1156 1554 Novae
1172 1498 1256 1571 hujus
1272 1510 1355 1558 sectae

210 1591 340 1649 homines
355 1605 386 1646 se
399 1589 503 1646 rectius
519 1598 547 1644 et
563 1588 660 1661 purius
678 1586 786 1643 caeteris
804 1586 840 1642 de
857 1586 990 1658 religione
1002 1602 1101 1658 sapere
1114 1588 1268 1659 jactabant;
1284 1590 1355 1647 alios

210 1683 318 1740 scilicet
336 1680 452 1738 verbum
470 1679 518 1735 Dei
535 1677 731 1749 dereliquisse,
746 1686 777 1732 ut
792 1676 854 1748 ejus
868 1677 928 1732 loco
941 1678 1102 1733 temerarias
1117 1679 1253 1749 maiorum
1270 1680 1356 1736 tradi·

208 1771 316 1838 tiones,
338 1770 440 1841 quibus
461 1778 536 1825 totns
558 1775 645 1824 scatet
662 1765 793 1832 Talmud,
822 1767 1065 1838 amplecterentur.
1085 1766 1172 1824 Judaei
1191 1784 1257 1825 vero
1276 1770 1353 1841 ipsos

210 1860 374 1917 Sadducaeos
386 1858 531 1924 dicebant,
544 1856 648 1927 quippe
667 1855 760 1911 bacin
777 1864 855 1928 parte
867 1855 1081 1914 Sadducaeorum
1101 1858 1229 1915 baeresim
1247 1860 1355 1916 instau-

210 1960 304 2009 rantes
326 1947 418 2024 (l).»
441 1946 566 2004 Proiecto
587 1962 643 2002 nou
664 1944 784 2002 diffiteor
809 1946 931 2006 Caraitas
951 1949 1016 2020 jure
1045 1958 1073 2005 et
1099 1951 1219 2007 maximo
1241 1951 1354 2024 quidem

210 2041 328 2112 reliquis
344 2038 478 2096 israelitis
492 2037 562 2094 vitio
577 2036 709 2104 vertisse,
723 2037 799 2108 ipsos
817 2037 902 2094 nimia
919 2040 1005 2096 animi
1023 2041 1134 2098 levitate
1150 2043 1253 2113 saepius
1271 2042 1354 2101 salsas

211 2139 240 2188 et
252 2118 385 2187 ridiculas
403 2128 547 2201 opiniones
559 2143 610 2199 pro
622 2127 697 2184 veris
710 2125 904 2185 traditionibus
919 2131 1075 2202 suscipere,
1085 2140 1168 2203 atque
1181 2132 1219 2188 ita
1231 2134 1354 2192 anilibus

211 2220 313 2278 fabulis
326 2234 435 2276 summa
453 2217 557 2290 injuria
574 2232 659 2274 sacrae
675 2216 745 2290 legis
757 2216 867 2274 decreta
884 2218 1001 2287 l'oedare3
1020 2221 1048 2277 id
1069 2222 1143 2278 enim
1160 2223 1218 2295 jam
1237 2225 1354 2295 quibus·

211 2309 275 2366 dam
297 2326 355 2366 snae
370 2308 463 2365 aetatis
478 2307 622 2380 pharisaeis
643 2306 773 2365 Christus
795 2309 928 2366 Dominus
946 2312 1168 2382 exprobraverat.
1192 2315 1243 2370 llic
1261 2326 1354 2373 autem

211 2407 320 2455 tantum
335 2399 370 2454 de
386 2398 446 2470 ipso
469 2412 523 2468 quo
547 2405 647 2468 praeter
670 2395 828 2468 Scripturas
846 2399 1010 2457 traditiones
1028 2401 1212 2459 admittantur
1226 2405 1355 2477 rejician-

212 2497 292 2545 tnrve
310 2489 447 2561 principio
466 2503 559 2545 sermo
576 2495 635 2555 est,
655 2503 711 2543 non
731 2487 765 2542 de
782 2489 843 2561 ejus
861 2490 961 2547 abusu.

248 2580 288 2634 En
306 2579 435 2635 Patribus
453 2577 548 2649 plures
563 2577 646 2638 etiam
662 2587 811 2635 occurrunt
827 2581 875 2650 qui
892 2582 1054 2640 traditiones
1071 2582 1199 2655 judaicas
1217 2596 1353 2644 asserant.

249 2667 295 2725 Sic
314 2667 342 2724 S.
363 2668 486 2724 Hilarius
507 2668 689 2724 Pictaviensis
712 2670 903 2742 magisterium
926 2673 1082 2744 publicum,
1101 2674 1136 2730 de
1153 2691 1208 2747 quo
1225 2677 1355 2747 superius

211 2756 297 2811 verba
320 2755 392 2821 leci,
417 2769 556 2811 unacum
581 2756 778 2816 traditionibus
804 2775 1041 2828 commemorans,
1065 2763 1104 2816 ait
1125 2779 1132 2818 ε
1157 2763 1256 2818 «Nam
1279 2765 1354 2821 idem

211 2845 333 2916 MoyseS,
346 2843 472 2914 quamvis
490 2843 592 2899 veteris
611 2843 778 2901 Testamenti
796 2848 881 2902 verba
896 2848 925 2903 in
943 2849 1044 2904 litteris
1058 2849 1244 2919 condidisset,
1262 2861 1355 2910 nmen

212 2935 363 3006 separatim
383 2949 418 2988 ex
439 2933 555 2990 occidtis
577 2933 645 3006 legis
661 2934 810 2990 secretiora
831 2938 961 3008 mysteria
980 2940 1154 3013 septuaginta
1179 2941 1353 3013 Senioribus,
1439 2988 1441 2993 .

213 3025 262 3096 qui
287 3024 414 3080 doctores
440 3022 572 3095 deinceps
597 3032 758 3091 manerent,
783 3024 967 3082 intimaverat.
994 3027 1080 3100 Cujus
1108 3031 1241 3090 doctrinae
1271 3033 1355 3090 etiam

212 3115 347 3173 Dominus
366 3115 396 3170 in
414 3113 570 3187 Evangeliis
583 3113 710 3170 meminit
727 3114 837 3171 diceus:
853 3114 945 3186 Super,
957 3119 1112 3176 eotbedroar
1128 3121 1229 3192 Moysi,
1250 3123 1354 3195 inquit,

211 3206 338 3260 rederent
355 3203 449 3258 scribe
466 3209 490 3258 et
504 3204 638 3274 plrartsei
657 3199 744 3277 (Spu

249 3295 277 3352 S.
300 3281 489 3368 Augustinus,
511 3309 594 3365 quem
615 3291 697 3348 modo
718 3291 914 3364 audiebamus,
937 3297 996 3354 baec
1009 3315 1119 3371 quoque
1139 3300 1176 3357 de
1198 3300 1355 3359 Judaeorum

211 3383 408 3440 traditionibus
427 3382 530 3439 babet:
546 3381 667 3439 «Nescit
681 3389 774 3436 autem
789 3382 982 3458 (adversarius
1000 3389 1117 3464 nempe)
1134 3391 1236 3448 babere
1255 3402 1354 3464 praeter

212 3474 369 3547 Scripturas
391 3473 528 3547 legitimas
546 3482 575 3530 et
593 3472 768 3544 propheticas
791 3473 901 3533 ludaeos
920 3478 1053 3548 quasdam
1076 3481 1241 3538 traditiones
1268 3498 1353 3549 suas,

212 3582 281 3639 quas
304 3583 358 3623 uon
382 3567 499 3639 scriptas
522 3567 639 3632 babent,
660 3565 709 3622 sed
731 3567 891 3622 memoriter
912 3577 1023 3637 tenent,
1047 3579 1074 3626 et
1095 3571 1166 3628 alter
1186 3572 1216 3627 in
1235 3571 1354 3628 alterum

212 3657 349 3729 loquendo
368 3655 551 3724 transfundit,
567 3671 636 3729 quas
653 3656 816 3712 Deuterosin
836 3667 934 3714 vocant
954 3657 1011 3734 (ὅ).
1024 3679 1038 3712 »

250 3746 279 3803 S.
306 3746 477 3818 Epiphanius
502 3755 530 3801 et
552 3745 579 3802 S.
603 3745 786 3818 Hieronymus
808 3762 880 3818 saepe
903 3749 986 3804 ctiam
1009 3749 1172 3807 traditiones
1195 3749 1359 3807 ludaeorum.

212 3848 446 3906 commemorant,
459 3853 540 3909 quas,
555 3836 704 3909 inquiunt,
723 3837 811 3894 multo
830 3838 944 3909 majoris
963 3855 1045 3911 quam
1063 3855 1113 3911 par
1131 3849 1191 3896 erat
1207 3839 1353 3896 iaciebant.
1375 3849 1377 3853 ·

245 4025 287 4090 (1)
304 4027 413 4077 Histoire
429 4027 535 4088 critique
551 4027 586 4076 du
600 4028 626 4075 V.
644 4027 669 4075 Τ.
687 4039 734 4090 par
750 4023 861 4075 Richnrd
879 4026 1046 4086 Simon,'liv.
1064 4031 1092 4088 l,
1106 4026 1147 4078 ch.
1165 4031 1207 4078 29.

243 4108 286 4172 (a)
303 4111 385 4159 Tract.
401 4110 430 4158 in
444 4110 477 4158 ll.
491 4108 575 4169 Prot„
592 4105 632 4158 ed.
652 4105 793 4165 Benedict.‚
811 4123 837 4174 p.
853 4111 896 4158 28.

243 4189 286 4252 (5)
306 4193 402 4241 Contra
416 4191 494 4248 adu,
511 4195 532 4240 t.
548 4188 582 4249 ll,
598 4205 625 4256 p.
641 4190 704 4249 696,
716 4186 760 4238 ed.
778 4187 880 4252 venet,
898 4205 938 4256 ap.
960 4189 1058 4253 Dracb,
1079 4195 1111 4242 De
1127 4190 1272 4243 l’ltarmoale
1289 4192 1357 4238 entre

216 4265 315 4334 l'li'plice
331 4277 393 4325 atla
409 4288 560 4338 cynopaene,
573 4281 634 4324 tom.
648 4272 670 4331 l,
687 4287 712 4337 p.
728 4274 784 4322 159.
