3166 5168
288 391 327 432 ou
341 388 496 432 scnrrrun.
515 385 707 439 cursionum,
723 383 867 428 consrnv.
884 386 920 426 m
943 385 1036 428 cunrt
1051 385 1252 429 rossussronr.
1307 374 1364 431 197

257 535 305 591 llis
328 537 365 591 ita
384 536 412 588 in
430 541 607 588 antecessum
627 531 803 596 constitutis,
818 529 891 585 sacili
917 531 1025 603 negotio
1040 532 1165 602 expediri
1187 531 1245 602 jam
1265 535 1366 604 poterit

218 624 334 696 quaestio
358 624 387 678 in
409 621 500 678 medio
527 621 626 692 posita.
655 619 805 692 Scripturae
833 620 896 677 novi
920 620 1105 687 Testamenti,
1133 631 1164 678 ut
1185 623 1323 690 vidimus,
1350 640 1365 678 a

219 714 435 770 christianorum
456 711 588 767 societate
607 719 671 783 apte
685 710 819 781 disposita
833 720 862 765 et
874 713 1038 780 orqonizoto
1050 711 1173 782 proiecta
1188 722 1264 779 sunt,
1283 722 1366 784 atquc

219 804 248 858 in
268 819 299 858 ea
316 810 529 875 permanserunt
546 801 662 872 ejusque
680 801 784 872 scripta
801 816 834 856 ao
852 801 937 857 veluti
957 801 1112 857 litteratura
1138 804 1248 874 propria
1264 813 1363 860 erant:

219 892 266 946 illa
292 908 356 965 ergo
376 892 510 958 societas,
537 908 598 963 quae
618 907 672 947 una
694 907 727 947 ac
751 906 882 966 germana
904 890 1008 947 Christi
1028 892 1152 948 Ecclesia
1173 903 1363 966 nuncupatur,

218 981 375 1054 Scripturas
395 998 457 1049 eas,
478 991 574 1054 utpote
587 998 666 1050 suas,
689 997 800 1038 servare
810 981 922 1048 debuit,
937 981 1120 1052 easdemque,
1143 992 1224 1053 prout
1242 984 1315 1054 apud
1334 1000 1365 1040 se

219 1072 378 1139 exstabant,
394 1072 502 1127 tradere
514 1072 551 1127 iis
564 1072 611 1143 qui
628 1073 657 1127 in
674 1072 735 1143 ejus
749 1072 921 1129 consortium
936 1070 1177 1140 adsciscebantur;
1192 1083 1220 1128 et
1234 1073 1271 1128 ita
1283 1090 1365 1145 porro

218 1163 292 1217 haud
305 1163 466 1218 intermissa
485 1163 644 1219 traditionis
658 1162 731 1219 serie
748 1163 777 1218 in
795 1162 918 1236 singulas
931 1171 1027 1218 aetates
1041 1162 1071 1216 in
1091 1163 1187 1218 eadem
1210 1165 1262 1220 hae
1275 1165 1364 1221 socie-

217 1261 289 1318 tate,
314 1252 358 1308 cui
376 1253 465 1308 inerat
477 1253 533 1308 vita
547 1261 695 1324 perpetua,
715 1252 915 1323 permanebant
932 1252 1167 1324 servabanturque
1181 1255 1240 1325 pari
1255 1270 1365 1326 semper

218 1341 382 1397 auctoritate
407 1357 440 1397 ac
472 1342 603 1398 firmitate
629 1342 766 1414 praeditae,
797 1342 977 1413 eamdemque
1005 1358 1058 1413 qua
1088 1343 1219 1415 primitus
1258 1347 1365 1403 donatae

218 1431 328 1486 inerant
349 1431 471 1489 divinam
487 1431 608 1488 indolem
622 1448 678 1505 prae
701 1447 732 1487 se
757 1430 887 1487 ferentes.
908 1432 1004 1503 Neque
1016 1448 1083 1488 vero
1106 1435 1261 1504 periculum
1276 1436 1364 1492 ullum

218 1522 312 1579 aderat
334 1523 532 1594 nequidquam
550 1521 709 1578 detrimenti
724 1531 855 1593 caperent
867 1531 915 1578 aut
934 1523 989 1578 ulla
1003 1522 1111 1579 ratione
1124 1523 1362 1589 adulterarentur,

218 1614 246 1669 in
271 1613 306 1669 iis
328 1615 424 1670 saltem
447 1631 508 1685 quae
528 1613 642 1685 majoris
664 1622 730 1669 sunt
748 1614 895 1680 momenti;
920 1613 1080 1684 providerat
1106 1614 1209 1685 quippe
1236 1614 1364 1672 Christus

218 1704 366 1771 Dominus,
389 1705 463 1776 quod
486 1720 569 1775 supra
582 1705 801 1760 demonstratum
816 1713 872 1770 est,
890 1713 921 1760 ut
939 1704 987 1759 illa
1003 1702 1037 1759 de
1051 1720 1104 1774 qua
1119 1703 1259 1775 loquimur
1275 1707 1363 1761 socie-

216 1805 258 1850 tas
276 1793 354 1849 tirma
376 1811 409 1850 ac
430 1802 504 1850 certa
528 1795 738 1866 inperpetuum
762 1794 845 1861 foret,
867 1802 949 1865 atque
965 1793 1033 1850 adeo
1048 1809 1191 1849 sacrorum
1212 1793 1360 1855 librorum.

218 1886 266 1955 qui
290 1886 380 1957 ipsius
405 1893 503 1952 erant,
530 1894 589 1940 tuta
614 1901 647 1940 ac
672 1885 851 1958 integerrima
870 1894 975 1941 custos.

256 1976 349 2047 ltaque
362 1976 385 2030 si
396 1976 530 2030 hactenus
543 1975 616 2030 diota
629 1985 704 2030 recte
718 1990 748 2030 se
762 1974 895 2040 habeant,
910 1975 990 2046 plane
1005 1973 1148 2031 coniicitur
1165 1975 1251 2030 libros
1270 1989 1376 2043 sacros,

217 2067 252 2122 ab
273 2066 369 2122 eadem
389 2067 441 2122 hac
462 2067 605 2130 societate,
625 2081 686 2138 quae
709 2081 850 2136 nunquam
871 2065 1004 2130 moritur,
1026 2066 1107 2136 cujus
1131 2065 1261 2136 primitus
1284 2073 1363 2119 erant

218 2167 300 2229 atque
322 2167 457 2213 {eternum
477 2156 642 2222 manebunt,
657 2164 834 2212 conservatos
854 2154 941 2211 luisse
963 2164 990 2209 et
1012 2155 1046 2210 ad
1060 2156 1133 2210 hanc
1147 2170 1238 2226 usque
1252 2162 1362 2210 aetatem

218 2246 360 2302 adductos.
388 2245 478 2317 Atque
500 2246 566 2303 hinc
588 2247 690 2303 iterum
722 2247 901 2318 consequitur
933 2246 996 2302 illos
1020 2261 1117 2302 omnes
1145 2246 1180 2301 ad
1203 2244 1363 2316 Scripturas

219 2353 275 2393 non
293 2337 449 2407 pertinere,
467 2347 498 2393 ut
521 2336 685 2393 Tertulliani
708 2337 802 2393 verbis
827 2346 905 2404 utar,
929 2337 976 2408 qui
996 2338 1078 2393 istius
1101 2336 1263 2402 societatis,
1284 2351 1361 2406 quae,

218 2425 334 2497 perinde
359 2442 391 2482 ao
404 2427 464 2499 ipse
477 2427 606 2484 Christus
628 2427 709 2498 cujus
726 2426 874 2501 imaginem
891 2427 992 2493 refert,
1014 2443 1069 2483 una
1092 2436 1120 2482 et
1144 2426 1286 2483 individua
1304 2435 1362 2490 est,

220 2519 344 2575 membra
367 2536 422 2576 non
448 2529 522 2575 sunt.

255 2611 358 2665 Verum
380 2619 408 2666 et
421 2611 497 2666 aliud
510 2611 575 2665 inde
594 2610 655 2666 ssuit
672 2613 774 2666 summi
798 2612 882 2667 etiam
903 2607 1036 2666 momenti
1058 2605 1272 2663 consectarium.
1290 2602 1361 2671 Quid

219 2697 326 2770 igitur?
341 2698 474 2769 Sequitur
486 2714 587 2768 nempe
605 2699 762 2770 Scripturas
774 2701 809 2755 ab
823 2699 946 2754 Ecclesia
965 2696 1073 2770 sejungi
1088 2712 1144 2752 uon
1155 2710 1238 2766 posse
1252 2709 1362 2750 earum-

219 2801 273 2856 que
297 2787 536 2842 conservationem
558 2786 600 2841 illi
626 2798 767 2859 acceptam
792 2805 854 2844 esse
876 2787 1059 2844 referendam.
1084 2786 1162 2854 Quod
1188 2795 1218 2842 ut
1239 2785 1363 2857 apertius

219 2875 279 2942 liat,
304 2892 390 2948 pauca
417 2877 447 2931 in
466 2877 537 2931 hanc
562 2891 620 2932 rem
648 2878 784 2934 monenda
804 2877 884 2934 duco.

255 2968 294 3022 lix
320 2967 644 3039 pseudorelormationis
665 2968 803 3040 principio
826 2969 944 3041 quisque
962 2968 1015 3024 sibi
1035 2967 1065 3022 in
1084 2967 1120 3021 iis
1138 2981 1200 3036 quae
1219 2965 1362 3039 religionis

219 3065 284 3113 sunt
310 3057 513 3128 permittendus
535 3068 592 3124 est,
619 3067 702 3130 atque
719 3076 753 3114 ex
772 3058 923 3131 Scripturis
937 3059 1045 3114 discere
1066 3057 1149 3112 debet
1169 3072 1230 3127 quae
1246 3056 1283 3112 sit
1296 3071 1361 3111 vera

218 3163 250 3203 ac
275 3163 405 3222 germana
422 3145 526 3203 Christi
551 3149 687 3204 doctrina.
711 3150 747 3205 ht
765 3159 796 3206 ut
818 3166 851 3205 ex
874 3151 908 3206 iis
931 3149 1081 3221 quidquam
1106 3147 1215 3203 discere
1239 3148 1361 3217 possint,

219 3253 264 3293 eas
287 3247 351 3293 ante
373 3253 429 3308 prae
452 3237 580 3293 manibus
602 3238 722 3294 habeant
735 3256 849 3296 necesse
863 3249 914 3296 est.
931 3239 991 3308 Quo
1013 3239 1097 3312 igitur
1118 3247 1199 3309 pacto
1219 3238 1248 3292 in
1267 3253 1361 3292 earum

219 3328 425 3398 possessionem
447 3325 582 3383 veniant?
600 3326 694 3383 Stante
725 3329 860 3385 catholiea
884 3328 1013 3383 methodo
1036 3343 1081 3382 res
1108 3327 1188 3397 plana
1211 3325 1360 3381 admodum

218 3433 250 3472 ac
264 3417 394 3472 facillima
415 3418 553 3485 cernitur;
572 3434 658 3490 quum
681 3419 756 3474 enim
778 3418 881 3473 eadem·
894 3432 1005 3488 semper
1024 3423 1134 3469 maneat
1157 3414 1275 3469 societas
1300 3429 1361 3485 quar

219 3508 298 3563 initio
326 3515 405 3573 erat,
432 3524 547 3580 quaeque
572 3508 729 3581 Scripturas
761 3518 792 3564 ut
817 3506 975 3578 depositum
1000 3503 1138 3576 quoddam
1171 3511 1305 3574 perpetuo
1333 3503 1362 3557 in

219 3612 249 3651 se
268 3597 389 3652 servavit
410 3596 552 3671 integras,
576 3599 604 3654 in
628 3600 674 3655 illa
687 3601 771 3657 etiam
790 3597 872 3656 hodie
895 3613 958 3654 esse
980 3595 1207 3666 conspiciuntur,
1228 3601 1313 3665 atque
1326 3594 1361 3648 ab

216 3803 329 3855 histoire.
347 3806 413 3855 Ponr
434 3805 496 3857 faire
516 3807 580 3858 taire
602 3808 626 3857 le
644 3807 719 3860 doute
742 3808 806 3861 dans
826 3812 863 3861 les
879 3810 971 3879 esprits
994 3817 1019 3860 et
1034 3809 1071 3858 les
1087 3806 1258 3864 commences,
1275 3806 1293 3855 il
1310 3806 1364 3856 iaut

216 3902 266 3952 que
289 3886 326 3936 les
348 3879 521 3954 Evangelistes
544 3888 614 3939 aient
633 3889 696 3940 ecrit
716 3907 774 3941 sous
793 3891 836 3942 des
855 3891 997 3943 conditione
1016 3888 1151 3957 specialem
1174 3896 1319 3939 autrement
1340 3888 1363 3936 le

217 3968 313 4018 lccteur
337 3969 413 4019 serait
433 3969 548 4037 toujours
569 3971 583 4020 d
603 3989 629 4022 se
651 3972 788 4024 demnnder
805 3975 888 4024 :mnis
907 3982 946 4025 cet
964 3973 1058 4039 hpdtre
1070 3971 1142 4021 a-t-il
1159 3970 1219 4022 bien
1238 3987 1286 4028 vu,
1303 3969 1362 4019 bien

216 4049 342 4109 entendu,
359 4050 419 4100 bien
436 4052 564 4120 compris?
578 4091 583 4101 .
595 4091 600 4101 .
614 4091 618 4101 .
633 4055 761 4122 Pourqnoi
779 4063 835 4107 tout
850 4056 921 4106 cela?
933 4070 1010 4123 parce
1023 4069 1073 4121 que
1087 4053 1229 4120 l’Evangile
1247 4051 1301 4102 doit
1322 4067 1362 4100 sa-

217 4133 312 4183 tisfaire
328 4133 359 4184 de
373 4142 429 4186 tout
448 4142 532 4186 autres
549 4136 649 4187 besoins
665 4138 746 4204 qu'un
762 4138 886 4205 classique
905 4153 964 4204 grec
976 4153 1009 4188 ou
1022 4135 1105 4197 latin3
1124 4150 1200 4203 parce
1211 4132 1274 4201 qu'il
1289 4132 1363 4198 s'agit

217 4217 248 4265 de
265 4218 450 4278 nous-memes,
474 4217 505 4268 de
522 4234 567 4270 nos
586 4218 712 4271 destinees
734 4219 883 4280 eternelles,
902 4219 933 4271 de
955 4227 1027 4271 notre
1048 4226 1103 4271 tout
1124 4217 1227 4268 enfin.»
1252 4215 1360 4279 symbol·

218 4297 257 4348 ch.
271 4300 304 4359 V,
323 4299 337 4364 5
355 4304 401 4361 ll,
419 4308 480 4352 tom.
498 4302 534 4364 ll,
553 4318 579 4369 p.
594 4304 683 4353 58-59.
