3166 5168
355 356 395 399 nn
414 351 576 399 homotona
597 351 678 396 anuo
700 349 846 397 aramma
867 350 991 397 caurus.
1197 337 1237 398 ld

94 512 201 570 maret,
227 499 415 558 assentionem
442 498 572 558 cohibeat
591 497 694 566 velim,
716 497 805 555 donec
834 496 999 554 recentioris
1019 495 1071 554 aevi
1094 495 1239 555 historiam

94 591 292 648 enarraverim.

130 683 219 754 htqua
236 683 296 737 liaeo
311 680 345 737 de
362 679 492 754 gentihus
505 678 660 736 idololatris
672 695 722 751 pro
740 677 868 735 instituto
886 687 979 734 nostro
993 676 1097 733 dixisse
1111 675 1238 734 sufficiat.

93 774 174 830 Nunc
194 773 228 828 de
248 771 359 828 Christo
378 770 508 837 Domino,
524 769 650 827 omnium
673 768 819 826 hominum
844 770 935 842 capite
957 782 990 823 ac
1011 775 1122 834 centro,
1146 781 1239 824 sermo

93 863 250 920 habendus.

96 1057 394 1074 -m-

556 1210 695 1293 oliuu
721 1210 770 1292 ll.

424 1466 529 1508 cuhls'rt
547 1464 682 1506 novamus
700 1461 732 1504 ho
752 1461 909 1505 nutantum.

128 1629 165 1685 Et
183 1628 296 1684 Verbum
317 1646 381 1686 coro
395 1631 499 1699 [actum
517 1638 568 1699 est,
588 1635 612 1686 ct
630 1630 765 1686 habitauit
780 1628 812 1683 in
827 1628 905 1683 nobie
920 1623 979 1700 (l).
993 1623 1078 1682 hdest
1096 1625 1239 1697 plenitudo

90 1719 243 1791 temporis;
270 1718 350 1776 adest
377 1719 425 1777 ille
447 1736 531 1793 quem
563 1720 706 1793 prophetae
739 1717 979 1790 praenuntiavere,
1002 1731 1085 1787 quem
1109 1717 1240 1773 universa

89 1808 194 1880 judaici
219 1809 314 1881 populi
337 1810 464 1867 instituta
488 1812 673 1883 portendere,
699 1824 782 1881 quem
808 1817 885 1864 totus
907 1816 1045 1863 terrarum
1067 1806 1142 1863 orbis
1168 1822 1239 1878 prae-

90 1900 228 1956 sentiebat
252 1899 490 1974 efflagitabatque‚
524 1903 615 1958 lumea
640 1901 677 1957 ad
702 1900 895 1955 revelationem
916 1899 1040 1968 pontium
1069 1901 1094 1950 et
1122 1897 1240 1969 pluriam

88 1987 175 2058 plebia
197 2005 254 2044 suu
277 1991 376 2046 lsrael.

127 2079 268 2135 Hactenus
286 2081 359 2136 Dans
381 2080 507 2150 patribus
530 2081 640 2138 locutus
661 2078 751 2135 luerat
776 2076 805 2133 in
825 2076 984 2148 prophetis,
1005 2090 1080 2131 ronne
1099 2083 1192 2130 autem
1212 2074 1241 2133 in

90 2167 161 2224 Filio
188 2169 316 2225 homines
336 2169 436 2226 dooere
459 2187 514 2227 uon
537 2179 659 2226 recusat.
685 2168 826 2223 Hactenus
848 2166 979 2223 univorsa
1000 2165 1058 2222 lere
1081 2165 1191 2220 intirma
1213 2175 1242 2222 et

89 2272 175 2330 egena
194 2259 345 2326 elementa,
361 2260 431 2316 nihil
452 2260 583 2317 omnihus
605 2258 730 2315 numeris
749 2254 901 2329 perlectum
920 2271 952 2312 ac
970 2256 1142 2322 absolutum
1161 2255 1241 2311 dein-

90 2363 156 2420 ceps
168 2364 248 2416 vero,
263 2350 323 2421 ipsa
336 2352 452 2407 veritate
469 2351 592 2407 increata
607 2363 718 2406 caruem
737 2346 871 2402 induente
887 2356 1032 2418 terrasque
1051 2347 1237 2415 inhabitante,

90 2439 183 2496 omnia
200 2440 235 2494 ad
253 2457 394 2497 summum
413 2440 590 2513 perlectionis
608 2437 748 2512 fastigium
772 2436 963 2509 provehenda,
983 2446 1086 2508 atquae
1100 2436 1238 2508 superiori

89 2536 171 2583 astate
193 2528 368 2596 adumbrata,
395 2546 442 2593 ao,
469 2531 510 2586 sic
537 2529 697 2600 providente
719 2528 790 2594 ileo,
817 2527 879 2582 rudi
898 2527 1088 2584 tantummodo
1114 2528 1238 2583 minerva

92 2615 260 2672 conformata
277 2619 440 2686 extiterant,
456 2619 572 2691 posthac
589 2634 605 2674 a
618 2618 728 2676 Christo
741 2617 857 2674 Domino
871 2615 1037 2689 perficienda
1050 2626 1133 2689 atque
1145 2617 1240 2673 ahsol-

90 2702 180 2759 veuda
198 2715 274 2761 sunt.

129 2790 221 2858 Quum
246 2793 331 2865 igitur
356 2791 478 2848 vidimus
504 2809 566 2863 quae
593 2806 674 2852 antea
703 2797 786 2854 luerit
820 2813 892 2853 verae
922 2796 1065 2869 religionis
1098 2795 1239 2867 conditio,

93 2879 251 2952 quibusque
273 2881 373 2952 opilius
388 2882 463 2952 apud
487 2882 602 2938 electam
619 2895 728 2958 gentem
751 2888 859 2959 integra
884 2884 1044 2955 illibataque
1067 2885 1239 2956 perstiterit,

94 2985 240 3043 pergamus
256 2969 314 3042 jam
342 2970 519 3027 considerare
537 2989 620 3044 quam
638 2974 730 3040 viam,
755 2981 786 3029 ut
801 2971 893 3028 omnia
919 2972 953 3027 ad
973 2972 1172 3044 perfectionem
1191 2974 1241 3032 ad-

92 3059 221 3127 duceret,
249 3061 370 3117 Verbum
399 3062 588 3119 caro'lactum
617 3065 688 3121 inire
714 3063 858 3131 statuerit,
884 3079 1001 3135 quamve
1027 3065 1190 3122 methodum
1210 3067 1240 3123 in

92 3149 226 3223 religione
252 3150 384 3207 tradenda
408 3161 530 3209 sectatus
549 3153 647 3220 luerit,
668 3169 837 3225 quamquea
857 3153 917 3209 suis
929 3152 1075 3225 discipulis
1095 3155 1124 3211 in
1145 3155 1242 3212 eadem

92 3250 153 3296 tum
176 3257 239 3297 cum
257 3243 366 3299 caeteris
386 3242 546 3300 hominibus
569 3244 816 3312 communicanda,
840 3253 900 3300 tum
919 3245 947 3300 in
966 3256 1108 3317 posterum
1127 3261 1241 3304 conser-

91 3331 200 3399 vanda,
222 3333 367 3388 tenendam
385 3333 515 3389 voluerit.

129 3420 208 3488 Quod
230 3432 262 3478 nt
283 3423 410 3496 apertius
436 3433 464 3479 et
483 3424 593 3496 plenius
617 3432 798 3496 praestemus,
818 3423 961 3481 Christum
983 3425 1076 3496 ipsum
1097 3440 1161 3480 oum
1180 3426 1242 3484 suis

92 3515 227 3586 apostolis
254 3515 451 3588 praedicantem
478 3516 629 3584 adeamus,
652 3515 748 3587 eisque
771 3531 822 3572 nos
847 3516 1006 3586 aliquandiu
1039 3517 1154 3573 comites
1177 3517 1242 3589 jun-

92 3620 210 3679 gamus,
237 3615 268 3661 ut
291 3622 325 3662 ex
351 3607 475 3677 ipsorum
497 3615 556 3662 tum
586 3606 680 3663 verbis
708 3615 767 3662 tum
793 3606 943 3678 operibus,
971 3622 1033 3678 quae
1062 3607 1173 3663 tandem
1201 3608 1240 3665 sit

93 3695 250 3753 Christiana
269 3697 432 3764 methodus,
452 3713 487 3752 an
510 3707 538 3752 et
556 3698 604 3769 qui
624 3706 737 3754 externo
757 3696 915 3770 magisterio
937 3696 1121 3769 Scripturaeve
1146 3698 1239 3765 loono,

94 3785 202 3841 discere
215 3784 366 3856 possimus
385 3784 483 3840 Procul
504 3784 588 3841 dubio
607 3785 682 3841 enirn
700 3785 842 3842 Christum
859 3786 950 3858 operis
965 3804 980 3843 a
993 3804 1023 3844 se
1039 3788 1141 3844 conditi
1159 3789 1240 3846 indo-

96 3877 151 3931 lem
168 3892 201 3932 ac
218 3877 389 3932 necessarias
407 3875 579 3933 conditiones
597 3878 709 3948 penitus
729 3877 840 3933 novisse
859 3894 956 3934 omues
972 3877 1109 3934 fateantur
1125 3895 1241 3936 necesse

95 3975 157 4032 est;
182 3981 272 4037 neque
295 3981 361 4022 vero
384 3965 523 4038 quispiam
548 3965 712 4023 Christianae
738 3966 802 4022 fidoi
825 3967 966 4024 inhaerens
993 3985 1114 4042 uuquam
1139 3969 1241 4026 dixerit

95 4056 236 4128 apostolos
250 4055 374 4130 magistri
388 4057 511 4113 animum
530 4071 563 4114 ac
575 4056 747 4130 propositum
760 4073 815 4117 uon
829 4056 915 4117 luisse
927 4068 1083 4129 assecutos,
1097 4058 1240 4118 etidcirco

128 4241 171 4308 (l)
190 4246 263 4294 Joote.
285 4243 306 4305 Ι,
327 4247 366 4293 li.
