3150 5160
673 339 712 380 nn
732 337 927 383 rnrnrrrorrn.
1311 324 1366 386 dal

263 488 352 559 Atque
370 484 508 558 ejusmodi
527 484 705 541 traditionem
722 493 754 539 ut
771 484 925 556 plurimum
942 483 1140 540 commendant
1157 485 1250 542 caeteri
1266 500 1376 560 quoque

206 573 335 634 Patres.

261 668 322 725 lam
343 682 409 723 vero
432 666 461 720 in
483 674 613 737 promptu
630 673 673 720 est
697 664 875 720 traditionem
898 665 970 720 hanc
992 680 1048 720 non
1064 666 1154 721 solum
1174 668 1321 740 complecti
1344 686 1376 726 ea

208 756 358 814 doctrinae
375 757 464 830 capita
477 771 539 827 quae
556 756 585 811 in
602 755 755 826 Scripturis
772 771 827 810 non
846 756 1069 827 conspiciuntur,
1085 754 1135 811 sed
1155 758 1267 814 omnino
1283 758 1376 815 omnia

211 862 288 918 quae
306 849 465 904 christianae
483 845 661 901 revelationis
681 854 747 901 sunt
766 846 860 900 :nihil
881 847 998 902 interest
1014 855 1108 902 utrum
1128 847 1270 904 decretum
1288 850 1376 920 quod-

213 938 301 1005 piam
331 938 434 1008 scripto
460 936 594 992 divinitus
620 935 755 1006 inspirato
787 937 928 1007 proditum
953 937 1038 992 luerit
1063 953 1170 1005 necne,
1196 938 1330 1010 quidquid
1359 956 1375 996 a

216 1026 337 1085 Christo
355 1029 471 1084 Domino
484 1025 624 1098 Apostolis
641 1034 684 1081 est
701 1027 869 1093 revelatum,
883 1027 910 1083 id
927 1028 961 1082 ad
979 1026 1155 1083 traditionem
1173 1038 1288 1099 spectat.
1304 1028 1375 1085 ilino

218 1115 287 1189 ipsa
301 1118 451 1189 Scripturae
470 1117 661 1188 interpretatio
674 1116 709 1172 ad
728 1133 788 1172 eam
805 1118 930 1173 velutad
944 1117 1048 1190 lydium
1062 1118 1182 1189 lapidem
1203 1127 1246 1174 est
1263 1119 1375 1192 exigen-

219 1206 276 1275 da,
290 1218 318 1264 et
331 1209 356 1263 si
369 1224 423 1279 qua
439 1209 473 1264 ah
490 1208 538 1262 illa
558 1207 720 1273 desciverit,
735 1222 767 1261 ea
780 1214 811 1261 ut
828 1206 898 1263 salsa
918 1222 951 1262 ac
968 1208 1122 1264 adulterina
1137 1218 1181 1265 est
1194 1210 1374 1280 explodenda.

223 1298 306 1366 Quod
328 1299 459 1370 praeclare
480 1298 590 1369 apernit
610 1296 774 1352 Vincentius
796 1297 842 1352 his
864 1297 957 1353 verbis
981 1314 988 1352 ε
1013 1298 1112 1366 «Quia
1203 1299 1375 1370 Scripturam

224 1402 349 1457 sacram,
363 1404 413 1459 pro
429 1388 488 1459 ipsa
505 1403 555 1444 sua
572 1385 732 1451 altitudine,
749 1401 805 1441 non
821 1402 877 1442 uno
890 1386 1042 1459 eodemque
1061 1404 1147 1444 sensu
1164 1389 1285 1445 universi
1301 1391 1375 1445 acci·

226 1481 322 1550 piunt,
346 1478 394 1534 sed
410 1479 537 1549 ejusdem
558 1477 666 1548 eloquia
685 1477 766 1532 aliter
787 1484 871 1548 atque
892 1477 973 1533 aliter
996 1478 1069 1533 alius
1092 1487 1175 1548 atque
1194 1479 1266 1534 alius
1289 1479 1376 1535 inter·

227 1578 367 1640 pretatur,
392 1579 422 1625 ut
444 1584 515 1641 pene
538 1575 604 1639 quot
627 1567 753 1622 homines
777 1576 859 1634 sunt,
878 1576 919 1622 tot
942 1567 1020 1624 illinc
1043 1569 1187 1624 sententiae
1210 1571 1269 1625 erui
1293 1585 1376 1640 posse

227 1660 441 1716 videantur...
471 1659 574 1714 idcirco
599 1658 720 1713 multum
745 1673 861 1713 necesse
888 1666 948 1724 est,
972 1669 1084 1730 propter
1109 1669 1201 1716 tantos
1225 1671 1281 1715 tam
1306 1661 1376 1716 varii

227 1752 330 1808 erroris
348 1750 501 1816 anlractus,
522 1758 552 1805 ut
571 1748 739 1820 propheticae
758 1756 785 1802 ct
805 1749 962 1818 apostolica
982 1749 1220 1820 interpretationis
1239 1751 1312 1806 linea
1331 1767 1376 1808 se·
1404 1784 1405 1788 =

228 1844 348 1899 cundum
365 1843 535 1898 ecclesiastici
550 1847 574 1895 et
593 1840 719 1894 catholici
737 1855 829 1893 sensus
848 1854 975 1895 normam
993 1839 1128 1912 dirigatur
1146 1839 1232 1913 (1).»

264 1935 364 2006 Liquet
381 1943 474 1989 autem
493 1931 670 1986 traditionem
692 1930 734 1984 sic
754 1938 894 2000 acceptam
914 1928 984 1984 nihil
1008 1929 1120 1984 demum
1138 1930 1252 1987 differre
1264 1932 1298 1986 ah
1315 1931 1375 2003 ipsa

228 2023 365 2090 Ecclesia,
385 2024 488 2094 quippe
506 2038 592 2094 quum
612 2020 774 2076 exhiheatur
791 2029 931 2092 tamquam
953 2021 1061 2093 integra
1084 2037 1116 2075 ac
1138 2021 1245 2077 illibata
1270 2022 1375 2079 Christi

229 2114 353 2171 doctrina
369 2130 384 2169 a
398 2115 492 2172 divino
510 2113 668 2186 magisterio
688 2122 849 2169 conservata
869 2113 1046 2183 traditaque:
1065 2112 1188 2169 Ecclesia
1206 2114 1282 2169 enirn
1304 2113 1376 2170 nihil

227 2203 302 2259 aliud
316 2213 358 2260 est
370 2221 452 2275 quam
470 2205 581 2260 traditio
600 2203 735 2258 divinitus
754 2203 918 2276 organizata.
940 2202 999 2271 Quo
1019 2204 1109 2274 posito
1121 2205 1303 2275 consequitur
1315 2205 1375 2276 pari
1431 2234 1433 2238 .

226 2295 333 2350 ratione
353 2295 538 2350 necessariam
557 2292 701 2365 praedicari
721 2293 899 2350 traditionem
916 2310 948 2349 ac
963 2294 1137 2362 Ecclesiam,
1153 2303 1374 2366 proptereaque,

227 2385 274 2441 uhi
295 2401 358 2440 cum
380 2386 601 2456 protestantibus
621 2385 701 2441 nohis
718 2401 764 2442 res
785 2386 891 2459 agitur,
912 2386 953 2440 illi
967 2384 1171 2441 constituendae
1192 2383 1312 2437 maxime
1332 2392 1377 2439 est

226 2475 451 2542 allaborandum;
474 2476 503 2530 in
530 2492 562 2532 ea
581 2475 656 2531 enim
684 2475 823 2547 probanda
851 2474 1043 2544 respuendave
1066 2473 1154 2528 totius
1180 2471 1375 2526 controversiae

227 2565 310 2620 cardo
322 2565 455 2630 vertitur;
476 2582 531 2635 quo
544 2566 671 2620 absoluto
685 2566 775 2636 capite
788 2565 882 2619 nullus
901 2563 1082 2635 disputationi
1105 2563 1182 2618 locus
1196 2561 1373 2632 relinquitur.

225 2655 317 2723 Atque
330 2653 377 2708 ubi
391 2655 547 2710 methodica
563 2669 649 2723 eaque
663 2656 792 2710 omnihus
811 2652 1012 2709 christianismi
1027 2651 1175 2724 principiis
1190 2661 1375 2707 consentanca
1405 2680 1408 2684 ·

229 2743 387 2799 instituitur
405 2742 540 2798 catholica
557 2743 770 2813 demonstratio,
788 2745 909 2815 primum
928 2744 1019 2799 locum
1046 2743 1100 2798 sihi
1119 2741 1241 2798 vindicat
1259 2745 1376 2812 quaestio

226 2835 291 2900 illa;
304 2850 366 2905 quae
379 2833 434 2889 nisi
448 2834 526 2906 prius
539 2834 629 2892 soluta
648 2834 747 2900 luerit,
769 2835 883 2905 reliquae
902 2833 1149 2889 demonstrationis
1171 2840 1263 2902 partes
1277 2841 1377 2889 nutant

227 2935 256 2982 et
274 2926 303 2981 in
317 2925 434 2980 obscuro
447 2933 603 2980 versantur.
624 2925 691 2978 Eam
710 2924 744 2980 oh
761 2940 872 2980 causam
891 2922 1068 2979 traditionem
1087 2923 1178 2989 illam,
1197 2923 1250 2978 etsi
1273 2938 1375 2980 nomen

227 3032 284 3072 non
303 3031 413 3086 semper
433 3015 657 3079 adhibuerimus
680 3014 756 3070 omni
775 3023 1001 3087 argumentorum
1023 3028 1124 3087 genere
1147 3013 1326 3084 comprobare
1339 3014 1375 3082 ,iu

227 3106 326 3179 primis
340 3106 513 3172 studuimus;
524 3121 615 3176 neque
627 3119 692 3160 vcro
706 3104 808 3160 facturn
823 3103 904 3159 modo
918 3103 1131 3169 constituimus,
1147 3103 1195 3159 scd
1209 3113 1237 3159 et
1250 3102 1313 3159 lacti
1326 3120 1376 3160 ne-

227 3199 397 3254 cessitatem.
418 3196 470 3265 Qui
490 3205 582 3251 antem
596 3194 718 3268 theologi
738 3210 793 3249 non
814 3202 963 3250 secernunt
984 3193 1162 3249 traditionem
1180 3209 1196 3248 a
1216 3192 1374 3248 traditioni-

226 3289 293 3355 hus,
306 3289 425 3359 plurima
438 3301 586 3360 congerere
600 3286 690 3342 solent
699 3293 861 3356 argumenta
872 3284 973 3354 quihus
987 3283 1167 3338 traditionum
1178 3283 1374 3337 necessitatem

227 3379 421 3435 commendent
440 3387 487 3434 aut
507 3394 621 3450 prorsus
640 3377 784 3443 evincant,
804 3390 865 3447 quae
878 3383 971 3429 tamen
985 3373 1090 3443 optime
1103 3372 1215 3443 quidem
1237 3372 1266 3425 in
1286 3371 1373 3427 tradi-

227 3468 348 3533 tionem,
362 3476 391 3522 at
403 3467 496 3522 minus
514 3469 543 3523 in
557 3468 722 3524 traditiones
741 3466 842 3538 saepius
862 3465 1012 3537 quadrent;
1031 3462 1099 3535 quin
1118 3471 1146 3518 et
1157 3462 1226 3519 illud
1241 3462 1294 3534 ipsi
1308 3477 1373 3518 sen-

224 3652 327 3703 quoque
341 3641 545 3691 εκκλησῑαστικον
562 3654 687 3705 satrapa.
703 3641 783 3701 Quam
800 3638 828 3688 in
845 3654 899 3688 rem
916 3643 984 3688 recte
998 3635 1075 3687 etiam
1090 3641 1162 3685 notat
1178 3632 1283 3683 llloehler
1298 3650 1304 3684 ε
1318 3650 1332 3682 r
1342 3633 1375 3685 Ge

224 3718 363 3770 sentiment
379 3736 511 3778 commun,
533 3726 598 3770 cette
619 3721 766 3772 conscience
785 3721 816 3772 de
838 3713 940 3788 l'Eglise
960 3727 997 3770 est
1012 3719 1039 3768 la
1055 3716 1179 3768 tradition
1197 3713 1260 3765 (lans
1276 3715 1300 3765 le
1318 3731 1375 3767 sens
1445 3746 1447 3749 -

224 3799 346 3867 subjectis
361 3801 396 3853 du
414 3810 475 3853 mot.
494 3802 621 3864 Qu'est-ce
637 3802 702 3853 donc
721 3818 771 3869 que
790 3803 814 3852 la
833 3802 955 3852 tradition
973 3796 1118 3850 considdrcc
1135 3813 1193 3846 sous
1209 3812 1236 3846 ce
1254 3796 1327 3864 point
1343 3795 1375 3846 da

224 3881 291 3937 rue?
303 3882 369 3935 C'est
384 3883 408 3934 le
424 3900 481 3933 sens
496 3881 610 3934 chretien
625 3884 735 3936 existant
751 3883 814 3933 dans
829 3875 930 3950 l’Eglise
944 3891 970 3933 et
981 3880 1101 3933 transmis
1112 3895 1160 3947 par
1172 3871 1287 3947 l’Eglise;
1300 3895 1372 3940 sens,

224 3965 354 4024 toutefois,
368 3965 445 4030 qu'on
460 3981 490 4015 ne
506 3973 567 4032 peut
585 3966 688 4033 separer
703 3964 853 4016 desieritis
870 3963 933 4032 qu'il
952 3964 1077 4022 contient,
1099 3962 1221 4030 puisqu’il
1240 3968 1277 4011 ost
1293 3960 1374 4010 forme

225 4044 256 4094 de
268 4062 307 4095 ces
318 4045 411 4098 veritis
427 4053 452 4095 ct
463 4063 509 4112 par
520 4063 560 4096 ces
571 4046 665 4098 veritis
677 4063 683 4097 τ
696 4063 728 4097 en
740 4064 777 4097 un
790 4054 843 4098 mot
859 4048 883 4097 la
899 4044 1037 4106 tradition,
1054 4045 1114 4095 c'est
1126 4043 1149 4095 la
1164 4044 1251 4111 parole
1262 4041 1293 4092 de
1309 4041 1373 4093 Dieu

224 4125 314 4177 vivant
330 4128 523 4180 eternellement
538 4127 601 4180 dans
615 4129 640 4180 le
657 4143 726 4181 coeur
744 4127 787 4179 des
805 4128 900 4180 fidelos.
911 4147 926 4179 n
937 4128 1046 4194 symbol.
1062 4128 1103 4180 ch.
1115 4128 1150 4186 V,
1166 4126 1181 4192 ἓ
1197 4129 1241 4187 38,
1257 4132 1318 4177 tom.
1335 4124 1373 4185 ll,

225 4223 251 4274 p.
263 4212 352 4260 til-25.

259 4289 304 4356 (l)
316 4292 343 4341 C.
355 4295 380 4340 2.
