3150 5160
408 350 549 397 rnonssr.
571 353 633 397 cun
654 354 712 397 suo
733 354 887 398 enrncrrro
909 354 1000 398 uinus
1022 353 1159 398 euenanr
1296 342 1355 400 tue

212 514 266 564 erat
279 503 375 563 divina
397 505 481 561 etiam
494 508 583 581 gratia
600 506 776 565 illuminatus
795 524 827 564 ac
843 519 1011 575 commotus,
1026 508 1178 565 Ecclesiam
1192 510 1355 567 catholicam

211 597 284 655 adire
296 596 432 662 decrevit,
446 596 528 667 eique
540 598 654 655 demum
668 613 769 655 nomen
783 598 870 654 dedit.

243 685 332 757 Supra
348 684 470 742 diximus
487 697 599 760 propter
616 689 675 744 haec
692 689 846 745 tolerantiae
863 687 1000 761 principia
1018 687 1080 744 dire
1095 687 1246 746 admodum
1263 693 1356 765 exagi-

210 785 293 832 tatum
316 774 403 831 luisse
423 775 511 848 Papin
533 793 549 832 a
571 778 700 834 ministro
721 777 837 844 Jurieu,
859 777 940 849 eujus
965 775 1136 848 praecipuum
1166 793 1269 833 nunnus
1293 795 1356 836 esse

210 867 353 924 ridebatur
371 866 483 938 iniuriis
500 867 638 925 lacessere
655 885 703 925 eos
721 867 878 938 omnesqui
894 865 1114 939 protestantismi
1137 867 1267 924 methodo
1282 868 1354 924 serio

208 955 297 1012 animo
319 953 511 1010 inhaerendum
526 957 687 1013 censebant.
702 956 803 1013 Verum
827 954 1008 1028 dogmaticam
1029 969 1089 1010 eam
1117 956 1304 1024 tolerantiam,
1327 965 1355 1013 et

210 1044 310 1102 idcirco
323 1044 603 1114 indifferentismum,
618 1063 707 1118 usque
723 1046 792 1103 adeo
809 1045 938 1119 efflagitat
951 1044 1245 1117 pseudo-reformatio,
1258 1053 1290 1101 ut
1303 1062 1355 1102 nec

211 1134 267 1208 ipse
283 1134 395 1202 Jurien,
413 1134 497 1190 simul
514 1145 597 1206 atque
615 1152 671 1192 uon
688 1135 800 1207 injuriis
820 1135 901 1191 modo
918 1135 968 1190 sed
985 1143 1013 1192 et
1030 1135 1175 1192 ratiocinio
1195 1151 1255 1192 rem
1273 1151 1354 1210 agere

209 1225 305 1292 noluit,
320 1224 355 1280 ab
373 1225 426 1280 hac
444 1225 506 1281 labe
526 1225 680 1282 immunem
699 1241 730 1282 sc
749 1224 821 1281 tueri
835 1225 967 1296 potuerit.
981 1226 1015 1281 Et
1027 1241 1093 1282 vero
1106 1225 1136 1281 in
1148 1226 1209 1283 suis
1222 1228 1354 1298 operibus

209 1313 241 1372 de
262 1321 404 1386 systemate
427 1315 567 1382 Ecclesia,
592 1324 620 1371 et
637 1315 674 1372 dc
694 1316 802 1370 coitate
824 1315 947 1370 Ecclesia
966 1314 1028 1390 (ll,
1047 1315 1184 1387 ejusmodi
1207 1317 1354 1374 constituit

209 1404 343 1478 principia
370 1405 472 1476 quibus
506 1405 631 1462 omnium
660 1413 773 1461 aetatum
799 1404 923 1460 haeretici
945 1405 980 1461 ad
1008 1406 1160 1462 Ecclesiam
1187 1408 1352 1479 pertineant.

209 1493 267 1562 Quo
281 1495 395 1566 quidem
411 1494 532 1552 ministri
552 1494 783 1552 indifferentismo
795 1503 952 1551 commotus
964 1495 1027 1568 ipse
1040 1497 1154 1554 mordax
1167 1513 1200 1554 ac
1214 1498 1355 1570 sceptieus

208 1582 332 1657 Raylius,
346 1584 479 1643 adversus
499 1587 579 1642 illum
599 1601 669 1658 opus
688 1585 811 1642 exaravit
830 1585 875 1641 cui
893 1601 995 1641 nomen
1013 1585 1080 1643 fecit
1093 1603 1099 1644 :
1114 1587 1208 1644 leoco
1227 1590 1355 1645 cebium

208 1682 327 1730 reseratu
339 1679 442 1732 cunctis
454 1676 635 1749 religionibus
647 1694 665 1731 a
678 1676 774 1731 celebri
787 1677 935 1731 admodum
945 1678 1006 1732 viro
1019 1677 1135 1733 Domino
1149 1679 1229 1734 Petro
1239 1679 1356 1745 luricae,-

208 1774 234 1821 et
246 1781 329 1838 porro
344 1767 397 1824 hoc
413 1775 493 1823 acute
510 1767 614 1822 dictum
634 1765 788 1838 praefixerat
802 1782 809 1821 ε
824 1765 909 1822 Porto
924 1773 1021 1836 puteos
1034 1773 1102 1835 esto,
1116 1769 1189 1823 uelli
1208 1769 1355 1824 claudetur

207 1853 324 1911 honesto.

241 1945 281 2000 Ex
294 1961 349 2016 quo
364 1947 477 2017 planum
490 1943 520 2000 tit
537 1945 629 2017 ipsum
642 1945 754 2012 Jurieu,
768 1944 803 2002 ad
820 1946 1081 2017 protestantismum
1098 1948 1355 2020 quomodocumque

208 2033 353 2100 tuendum,
374 2050 406 2092 eo
423 2035 535 2091 demum
558 2035 783 2093 indifferentismi
796 2036 946 2109 procedere
971 2046 1097 2093 coactum
1117 2036 1219 2103 fuisse,
1233 2047 1277 2105 ut,
1300 2039 1355 2096 nisi

208 2138 300 2187 secum
318 2126 443 2198 apertius
461 2141 584 2200 pugnare
604 2127 701 2194 vellet,
725 2127 779 2199 ipsi
801 2126 944 2183 latendum
968 2135 1045 2184 esset
1070 2126 1179 2183 nullum
1200 2128 1299 2202 dogma
1320 2129 1355 2186 ad

208 2216 326 2273 salutem
341 2232 404 2273 esse
419 2217 622 2273 necessarium.

246 2307 373 2364 Minister
391 2306 534 2379 equidem,
551 2307 684 2364 versutiis
703 2307 791 2380 magis
811 2322 893 2378 quam
913 2323 988 2365 sanae
1006 2308 1108 2366 rationi
1125 2318 1267 2378 assuetus,
1284 2309 1355 2367 effn-

211 2399 287 2472 qium
304 2399 365 2456 sihi.
376 2401 500 2471 reperire
517 2400 663 2456 videbatur
679 2414 733 2470 quo
753 2406 781 2454 et
797 2398 905 2456 latioris
922 2398 1146 2457 indifferentismi
1162 2409 1255 2457 notam
1268 2401 1356 2458 decli-

212 2498 290 2545 naret
304 2499 333 2546 et
345 2489 566 2562 protestantismi
580 2490 709 2547 methodo
722 2490 897 2561 aliquatenus
916 2492 1016 2548 saltem
1029 2491 1165 2546 inhaerere
1183 2501 1352 2546 censeretur.

210 2577 300 2636 Probe
317 2580 545 2654 distinguendum
563 2581 654 2637 aiebat
671 2580 745 2636 inter
765 2580 897 2637 articulos
916 2581 994 2648 fidei,
1013 2596 1084 2652 quos
1103 2580 1233 2645 vocabat,
1252 2581 1355 2648 sendo-

210 2673 338 2726 meetoles
369 2680 396 2727 et
420 2671 552 2726 articulos
576 2687 633 2725 noe
656 2671 903 2738 fundamentales:
930 2671 995 2727 illos
1020 2671 1196 2727 asseverabat
1221 2671 1295 2725 clare
1326 2681 1355 2726 et

210 2760 357 2834 perspicue
370 2759 398 2814 in
411 2759 564 2830 scripturis
572 2759 666 2814 doceri
678 2768 761 2831 atque
773 2762 904 2818 omnibus
919 2776 989 2833 pene
999 2761 1218 2832 protestantibus
1229 2776 1354 2817 commu-

210 2866 277 2915 nes,
291 2850 414 2922 adeoque
432 2847 467 2904 ad
485 2847 604 2904 salutem
621 2849 808 2917 necessarios,
822 2849 873 2906 hos
886 2865 952 2906 vcro
965 2866 1022 2905 non
1041 2851 1118 2907 item.
1134 2851 1198 2906 llaec
1210 2849 1355 2908 distinctio

210 2961 282 3003 nona
300 2960 353 3000 non
373 2952 448 3010 erat;
468 2943 562 3013 plures
581 2942 657 2998 enim
675 2942 1003 3017 theologiprotestantes
1020 2943 1121 3014 saepius
1133 2942 1167 2998 de
1179 2941 1354 3016 dogmatibus

211 3035 378 3093 necessariis
391 3042 417 3089 et
433 3049 489 3089 non
499 3033 666 3090 necessariis
679 3033 764 3089 locuti
774 3032 894 3099 inerant,
909 3049 942 3089 ea
955 3032 1074 3100 ratione,
1087 3040 1119 3088 ut
1130 3031 1231 3104 prioris
1244 3031 1355 3106 generis

211 3126 300 3198 capita
312 3125 460 3198 perspicue
473 3124 562 3180 cuivis
578 3124 658 3180 obvia
671 3124 700 3179 in
714 3124 867 3197 scripturis
880 3131 1020 3196 paterent,
1034 3139 1090 3180 nou
1103 3123 1169 3180 item
1183 3123 1355 3195 posterioris.

211 3214 242 3272 ld
263 3224 357 3272 autem
379 3215 451 3270 nihil
472 3214 550 3286 juvat
575 3214 789 3286 protestantium
811 3231 933 3271 causam.
957 3214 1097 3283 Quaeritur
1119 3215 1192 3270 enim
1215 3214 1355 3285 adquam

210 3305 321 3361 tandem
337 3320 464 3360 normam
483 3303 611 3378 exigendi
632 3305 689 3360 sint
704 3305 817 3361 articuli
836 3305 1058 3362 fundamentales
1074 3313 1102 3361 et
1120 3320 1176 3361 non
1191 3303 1355 3360 fundamen-

211 3395 294 3461 tales,
316 3411 406 3466 quove
427 3403 507 3466 paeto
528 3394 752 3467 deprehendatur
773 3395 821 3466 qui
843 3395 877 3451 ad
899 3395 1018 3451 salutem
1040 3393 1205 3459 necessarii,
1229 3392 1276 3464 qui
1298 3407 1355 3447 non

212 3485 363 3543 necessarii
386 3484 443 3543 sint
461 3484 598 3542 habendi?
621 3486 661 3541 Ex
684 3485 828 3558 Scriptura
846 3484 941 3556 procul
963 3482 1058 3539 dubio.
1082 3483 1184 3538 ilerum
1206 3482 1254 3538 alii
1275 3481 1356 3537 aliter

212 3572 384 3650 scripturam
405 3576 638 3647 interpretantur,
659 3575 741 3648 idque
763 3575 822 3648 pari
844 3573 943 3647 privati
960 3572 1099 3642 ,examinis
1115 3572 1191 3645 jure,
1210 3587 1261 3628 nee
1280 3571 1356 3628 tillus

211 3664 298 3734 ferme
317 3676 446 3739 superest
460 3666 537 3723 locus
550 3666 584 3723 de
597 3682 652 3738 quo
671 3682 768 3723 omnes
787 3665 983 3723 consentiant:
999 3680 1064 3738 ergo
1082 3663 1137 3719 nisi
1156 3672 1232 3718 tuam
1249 3663 1356 3720 metho-

211 3757 278 3814 dum
297 3758 410 3813 mittere
427 3756 595 3823 decreveris,
612 3772 722 3829 semper
742 3755 853 3813 fatearis
871 3764 980 3828 oportet
997 3754 1105 3810 nullum
1124 3751 1188 3808 fidei
1206 3751 1357 3810 articulum

213 3861 276 3904 esse
293 3864 359 3906 nere
376 3846 610 3904 fundamentalem
629 3846 689 3903 sive
705 3846 740 3903 ad
758 3847 877 3904 salutem
896 3845 1099 3911 necessarium,
1113 3859 1250 3915 quemque
1261 3854 1357 3901 autem

212 3947 244 3995 ut
255 3954 417 4013 germanum
434 3935 538 3994 Christi
557 3937 725 4009 discipulum
745 3936 974 4002 existimandum,
989 3935 1014 3991 si
1034 3933 1116 3990 modo
1135 3933 1243 3990 sincere
1261 3935 1357 3991 credat

212 4027 240 4086 id
253 4030 327 4102 quod
344 4043 443 4087 verum
458 4027 610 4084 arbitretur
623 4027 686 4101 (il.
701 4027 880 4099 Quocumque
896 4026 982 4101 igitur
999 4040 1061 4082 sese
1073 4033 1182 4082 vertant
1198 4034 1356 4099 protestan-

241 4199 289 4264 (1)
301 4203 332 4251 Le
343 4203 401 4251 orei
412 4200 513 4266 systema
524 4201 552 4248 de
566 4194 707 4264 l'Eplise-
718 4206 744 4249 et
758 4198 830 4251 daile
840 4200 869 4249 de
880 4193 990 4263 l’quise.

243 4277 289 4343 (Ξ)
303 4281 405 4332 Bossuet
423 4280 450 4330 in
469 4282 500 4332 vl
521 4281 700 4334 admonitionis
716 4281 746 4332 ad
765 4288 932 4351 protestantes
954 4288 1026 4349 parte
1052 4281 1085 4331 lll
1106 4280 1183 4331 refert
1202 4286 1227 4329 ct
1245 4279 1359 4330 confutat
