3150 5160
366 347 406 406 98
562 361 601 405 nu
616 359 766 407 uouemus
782 361 887 407 amscu
902 363 969 406 nvo
986 364 1016 406 ru
1031 364 1171 408 assumta
1186 365 1314 411 uentris.

365 515 558 566 convenerunt
572 548 578 561 .
590 547 616 562 ..
632 524 639 563 :
657 515 846 565 trecentorum
863 507 1003 565 decernet
1020 517 1082 566 acto
1095 508 1208 566 Patrum
1226 511 1275 583 qui
1295 512 1392 570 Nicaeae
1410 529 1516 576 conue-

366 606 469 656 nerunt
487 596 571 654 fidem
594 612 649 653 nou
668 596 810 671 abrogari,
833 598 883 654 scd
901 597 1010 655 firmam
1032 614 1064 655 ac
1086 599 1215 656 stabilem
1234 615 1347 659 manere
1369 615 1514 675 oportere,

365 698 521 747 etcinerem
544 688 670 742 torosior
685 689 934 756 anathematizari,
953 698 982 746 et
1003 689 1162 761 specialiter
1182 691 1433 763 Eunomianorum,
1453 695 1516 754 sire

365 779 575 844 dnomaeorum,
592 786 621 834 et
635 776 801 834 driancrum
821 777 881 836 sive
898 778 1135 846 Eudoxianorum,
1153 789 1182 838 et
1192 781 1444 843 Semi-ariaaeram
1455 790 1516 846 stoc

364 868 489 953 Spiritus
503 869 593 925 eoacti
608 868 895 926 admonuimus...
912 866 958 944 (l)
971 889 999 926 u.

406 961 477 1018 ltem
498 959 528 1016 in
550 974 658 1016 maone
675 959 722 1016 Vll
741 959 776 1017 de
797 960 958 1033 hujusmodi
980 960 1140 1018 haminibus
1160 971 1274 1035 agentes
1295 963 1343 1036 qui
1361 964 1514 1038 aliquando

365 1050 495 1108 haeresim
507 1049 606 1106 sectati
616 1048 707 1117 luere,
720 1049 824 1122 quique
834 1050 904 1122 jam,
916 1065 1011 1108 errem
1022 1060 1175 1123 comperto,
1187 1054 1221 1109 ad
1234 1053 1366 1112 Ecclesiae
1373 1057 1514 1131 gremium

365 1142 458 1200 redire
474 1141 575 1207 velint,
590 1140 745 1198 decernunt
762 1142 874 1209 Patres,
886 1156 934 1199 ecs
948 1141 1035 1215 recipi
1048 1157 1104 1200 ncn
1120 1159 1202 1215 posse
1216 1144 1285 1216 quin
1300 1145 1379 1216 prius
1394 1147 1513 1205 anathe-

365 1232 558 1290 matizaverint
578 1231 683 1304 quaeuis
708 1231 835 1304 dogmata
861 1232 1055 1289 ecclesiasticae
1082 1231 1146 1289 fidei
1174 1234 1311 1306 opposita.
1334 1236 1374 1292 lta
1401 1236 1510 1295 aiunt:

366 1343 383 1378 u
392 1323 513 1381 ddanos
524 1321 637 1395 quidem
650 1331 679 1379 et
690 1322 902 1379 Macedoniancs
973 1324 1132 1394 recipimus,
1148 1323 1248 1382 dantes
1259 1325 1372 1396 quidem
1385 1327 1510 1396 libelloS,

366 1423 396 1470 et
412 1429 518 1470 omaeat
538 1413 663 1469 heresim
677 1413 953 1480 anathematizantes,
975 1428 1033 1485 qua
1052 1429 1110 1470 aaa
1126 1417 1209 1471 scatit
1228 1423 1260 1472 at
1278 1423 1374 1474 macta
1392 1418 1442 1474 liei
1463 1436 1511 1476 ca·

365 1505 469 1562 idolica
480 1511 505 1562 et
517 1505 666 1575 apostolica
681 1503 801 1560 Ecclesia
816 1501 900 1578 (2).»
1182 1513 1185 1517 ’

364 1642 367 1647 .
402 1597 494 1669 Atque
511 1595 693 1653 subscribunt
710 1594 833 1667 episcopi
847 1603 960 1652 centum
980 1594 1193 1671 quinquaginta,
1210 1597 1260 1670 qui
1277 1596 1368 1655 eidem
1386 1597 1511 1659 Concilio

366 1685 529 1744 interfuere.
1465 1724 1468 1729 .

402 1777 502 1851 Liquet
520 1776 644 1850 prolecto
664 1775 756 1833 omnia
775 1776 949 1834 auctoritatis
966 1775 1012 1832 via
1032 1774 1141 1833 confici.
1160 1775 1317 1832 Christiana
1332 1776 1433 1835 fldesa
1451 1795 1512 1836 ma·

365 1870 480 1944 gistcric
498 1867 631 1935 Ecclesiae
645 1867 795 1940 exponitur
808 1882 842 1924 ac
859 1867 991 1936 traditur,
1009 1876 1037 1924 ct
1059 1882 1122 1924 mcx
1141 1876 1175 1924 nt
1189 1867 1291 1925 salsum
1306 1876 1335 1925 et
1349 1868 1511 1926 haereticum

365 1960 494 2033 rejicitur
516 1958 651 2032 quidquid
673 1958 716 2015 illi
741 1958 998 2031 quomodocumque
1023 1957 1204 2024 adversatur,
1226 1973 1280 2016 nec
1301 1959 1435 2034 deinceps
1460 1963 1512 2019 ulli

363 2050 520 2108 christiano
537 2049 578 2108 las
594 2058 638 2107 cst
654 2047 810 2106 doctrinam
826 2049 913 2106 semel
929 2047 1072 2105 delinitam
1089 2048 1118 2105 in
1130 2047 1247 2108 dubium
1259 2064 1358 2108 vocare
1371 2059 1421 2108 aut
1431 2051 1512 2109 darn·

367 2149 460 2198 natam
484 2139 568 2198 tueri.
595 2138 731 2212 Quisquis
754 2139 823 2197 illud
848 2139 941 2197 moliri
965 2154 1052 2197 ausus
1074 2138 1175 2208 luerit,
1201 2148 1341 2212 mmquam
1367 2142 1512 2214 putridum

367 2232 524 2289 meruhrum
535 2231 570 2288 ab
585 2231 717 2288 Ecclesiae
729 2245 844 2304 corpore
858 2238 1013 2299 resecatur,
1026 2240 1109 2302 atquc
1124 2230 1222 2287 itidem
1235 2241 1267 2287 ut
1279 2230 1384 2288 Christi
1400 2232 1512 2290 Domini

367 2321 498 2380 inimicus
517 2321 635 2378 habetur
651 2337 660 2377 t
678 2321 714 2378 ab
733 2321 786 2378 hoa
804 2321 880 2378 enim
899 2321 1037 2394 principio
1056 2335 1167 2394 semper
1184 2321 1400 2394 proficiscuntur
1412 2320 1514 2379 Conci·

364 2411 471 2469 licrum
496 2413 611 2480 Patres,
638 2410 744 2469 Christi
769 2412 949 2487 religionem,
971 2427 1021 2470 seu
1047 2411 1139 2485 ipsum
1164 2412 1306 2470 Christum
1330 2412 1366 2469 alr
1388 2412 1514 2471 Ecclesia

367 2504 477 2578 sejungi
499 2518 555 2560 non
576 2518 675 2576 posse,
697 2502 850 2560 etidcirco
872 2518 928 2559 non
949 2502 1071 2576 amplius
1096 2511 1128 2560 ut
1148 2502 1316 2561 christianos
1337 2503 1442 2561 habeut
1463 2505 1514 2577 qui

368 2594 502 2653 Ecclesiae
518 2594 569 2651 iilii
588 2609 652 2652 esse
667 2593 823 2651 desierunt
842 2634 845 2639 ·

405 2686 507 2744 Eadem
530 2685 629 2760 agendi
650 2685 720 2742 ratic
740 2685 866 2742 cernitur
883 2684 913 2740 in
936 2683 1076 2757 Ephesiae
1097 2683 1216 2757 synodo,
1230 2682 1370 2741 >adversus
1390 2681 1515 2740 Nestorii

365 2794 477 2836 errares
493 2778 633 2851 praecipue
645 2784 748 2834 coacta.
767 2774 926 2843 Nestorius,
939 2784 973 2832 ut
985 2783 1082 2832 natum
1094 2783 1152 2841 est,
1169 2773 1255 2847 impie
1265 2773 1357 2831 aiebat
1371 2773 1516 2846 duplicem

368 2869 398 2924 in
416 2869 506 2926 Verbo
525 2869 672 2925 incarnato
686 2882 748 2924 esse
768 2880 929 2938 personam,
947 2865 1070 2922 divinam
1091 2865 1191 2930 aliam,
1208 2866 1324 2922 alteram
1345 2866 1514 2932 humanam

369 2959 445 3015 unde
458 2958 621 3017 conficiebat
635 2959 666 3014 B.
678 2957 711 3015 V.
725 2956 838 3013 llariam
857 2967 1029 3028 nequaqnam
1049 2954 1113 3023 lici,
1130 2955 1179 3011 sed
1195 2954 1317 3012 huminis
1332 2963 1441 3011 tanturn
1456 2971 1517 3011 ma-

368 3059 440 3106 trem
459 3048 515 3106 dici
536 3065 627 3122 passe.
651 3048 702 3104 llis
718 3046 900 3118 blasphemiis
921 3053 1077 3102 commotus
1098 3043 1220 3118 cyrillus
1237 3042 1459 3113 Alexandrinus,
1479 3045 1516 3103 ad

366 3139 529 3197 'Nestorium
541 3138 645 3195 direxit
654 3137 816 3210 epistolam,
829 3136 858 3191 in
872 3150 926 3207 qua
942 3133 1026 3191 tradit
1035 3134 1178 3207 antiquam
1187 3145 1216 3193 et
1226 3135 1407 3193 omhodoram
1419 3137 1517 3194 Eccle-

367 3227 419 3285 siae
434 3227 602 3293 doctrinam,
620 3234 704 3297 atquc
722 3225 883 3281 haereticum
900 3233 1088 3282 commentum
1106 3225 1236 3298 explodit.
1256 3227 1296 3282 Ea
1314 3242 1396 3299 porro
1416 3225 1515 3301 Cyrilli

367 3317 486 3390 epistola
504 3317 533 3374 in
550 3315 674 3375 Concilio
687 3331 779 3374 coram
797 3315 926 3372 omnibus
944 3315 1082 3388 episcopis
1098 3315 1169 3373 lecta
1186 3326 1241 3381 est,
1255 3316 1316 3388 qui,
1333 3316 1385 3372 lrac
1401 3317 1515 3385 audita,

369 3407 487 3480 proiessi
507 3417 573 3465 sunt
592 3421 623 3464 se
640 3406 669 3463 in
689 3406 737 3463 illa
756 3421 904 3481 agnoscere
922 3416 1026 3463 rectam
1047 3414 1076 3462 ct
1093 3405 1235 3477 antiquam
1257 3406 1387 3462 Ecclesiae
1405 3406 1514 3464 iidem:

368 3507 537 3572 quapropter
553 3498 630 3555 illam
646 3495 757 3570 publice
774 3498 963 3571 approbarunt
977 3513 1011 3553 ac
1027 3496 1267 3571 subscripserunt,
1289 3495 1429 3570 simulque
1445 3513 1516 3554 can·

400 3693 558 3770 (1)(«Ταδε
579 3701 670 3770 ὥρισαν
690 3700 714 3752 ci
738 3701 763 3750 ia
781 3699 1042 3753 Kaourarmoomrolsc
1061 3716 1144 3770 χαριτι
1164 3705 1218 3753 imo
1240 3703 1398 3758 συνιλδοντις
1416 3700 1517 3752 intuso·

365 3799 424 3835 mot.
434 3820 455 3835 ..
471 3803 506 3851 pu
524 3785 673 3835 ἀδιτιισῧαι
689 3802 735 3837 την
752 3796 832 3833 πιστιν
850 3800 898 3834 των
915 3800 1027 3852 sareptae
1043 3800 1091 3834 των
1107 3797 1253 3852 τριακοσιων
1269 3774 1413 3840 deuocare,
1427 3799 1480 3831 των
1491 3782 1516 3831 ἂν

368 3863 467 3935 Naxum
489 3885 532 3924 της
555 3865 678 3925 Βιδυνιας
697 3868 879 3920 cortinorum·
899 3871 968 3917 αλλα
988 3882 1065 3934 praeta
1083 3866 1175 3920 ἰκιινην
1193 3881 1294 3935 suptar,
1315 3877 1358 3914 atat
1378 3862 1517 3932 ἀναδομμ·

368 3948 487 4000 τισδηναι
503 3964 589 3997 uacuo
609 3947 715 4017 αἰρεσιν·
735 3964 778 3997 και
796 3940 880 4006 ideam<
898 3969 988 4004 την...
1006 3966 1055 3999 των
1075 3945 1264 4016 Εμιαριιανων,
1279 3946 1354 4016 ἤγουν
1371 3963 1516 4015 πνευματο-

370 4045 469 4096 μαχων.
478 4048 492 4079 u
504 4032 566 4081 ibid.
579 4030 627 4081 col.
640 4034 697 4081 946.

399 4113 475 4180 (2)1u
488 4111 627 4180 Apameae<
643 4131 685 4179 μεν
700 4128 744 4162 και
761 4104 968 4170 Μακεδονιανους
1033 4103 1162 4179 doncuria
1175 4104 1291 4171 διδοντας
1308 4104 1452 4174 tamitana,
1471 4128 1516 4162 και

371 4193 707 4263 commutassemus
724 4193 830 4262 ciprum,
848 4213 883 4260 pa
908 4209 1049 4264 φρονουσαν
1063 4194 1097 4254 ὥς
1114 4213 1195 4266 apaan
1212 4196 1228 4250 ἡ
1248 4195 1310 4264 ἅγια
1328 4210 1371 4247 του
1384 4198 1447 4249 daea
1458 4212 1515 4269 ¹aaut·

366 4279 457 4333 cottae
477 4294 520 4327 και
539 4277 694 4332 drauscium
707 4276 838 4330 ἐκκληαια.
852 4276 1071 4329 albidum-951.
