3150 5160
361 349 420 408 19⁸2
586 361 724 407 accursu
746 359 877 406 ronunos
898 361 1008 405 anunm
1029 360 1066 405 rc
1088 359 1279 406 nonnnarun.

357 508 446 581 ipsius
470 507 689 581 protestantismi
717 506 834 563 historia
860 505 1014 582 dogmatica
1037 507 1094 578 jam
1113 508 1275 564 noverimus
1299 506 1366 579 quid
1390 510 1499 566 valeant

357 598 506 670 Scripturae
534 597 588 654 sibi
612 597 770 670 permissae,
796 612 937 668 quumque
957 596 986 651 in
1009 606 1152 668 posterum
1175 598 1210 654 de
1232 597 1384 670 Scripturis
1408 600 1500 656 dedita

355 704 440 761 opera
457 688 547 744 simus
564 687 681 754 dicturi,
706 686 775 742 nihii
796 686 841 741 hic
861 686 927 742 hnic
945 702 1080 758 responso
1102 688 1297 760 opponendum
1313 688 1451 748 ducimus.
1470 691 1500 747 ld

357 794 445 834 unum
464 777 615 849 quaerimus
634 793 641 831 :
660 792 694 832 ex
713 775 876 847 Scripturis,
900 775 1008 847 inquis,
1026 777 1117 833 omnis
1140 777 1205 833 fidei
1227 781 1415 836 controuersia
1431 781 1499 837 diri·

358 869 459 924 menda
475 867 534 924 esti
551 869 591 924 lta
606 883 682 923 sane.
702 898 738 908 —
757 867 814 923 Nec
834 867 891 923 uita
913 876 1026 923 externa
1048 884 1080 923 ac
1099 868 1162 924 viva
1180 870 1258 925 adest
1276 871 1427 926 auctoritas
1445 887 1499 942 qua

357 961 446 1032 ipsius
460 959 609 1031 Scripturae
625 974 725 1016 sensus
741 955 908 1014 definiatur?
919 989 956 998 -
970 958 1028 1014 Hoc
1040 959 1123 1015 habet
1140 958 1239 1032 dogma
1257 961 1498 1031 protestanticnm.

355 1049 392 1107 ht
410 1065 583 1122 nequaquam
605 1049 687 1106 istius
705 1048 779 1104 modi
798 1047 962 1104 auctoritate
983 1064 1053 1119 opus
1075 1057 1133 1117 est,
1150 1049 1224 1121 quod
1237 1065 1336 1121 nempe
1353 1051 1499 1123 perspicua

356 1141 459 1197 dicitur
481 1137 641 1212 Scriptum?
654 1139 804 1194 -Verum
826 1137 970 1210 paululum
993 1138 1135 1206 attendas,
1158 1138 1256 1206 veiim,
1278 1140 1313 1196 ad
1335 1141 1500 1212 quaestionis

356 1240 460 1287 statum
475 1247 482 1286 :
497 1231 617 1288 sumitur
637 1229 745 1286 scilicet
764 1244 826 1286 esse
845 1228 880 1285 dc
897 1229 1016 1299 quodam
1035 1229 1195 1284 christianae
1212 1230 1391 1287 revelationis
1409 1233 1500 1304 capite

355 1322 588 1387 controversiam,
614 1329 643 1378 et
664 1336 749 1392 quum
780 1320 889 1376 nulium
917 1319 1001 1390 hujus
1027 1320 1205 1377 revelationis
1231 1319 1335 1376 iontem
1365 1336 1499 1394 agnoscas

353 1421 456 1485 'praeter
469 1413 652 1484 scripturam,
666 1410 761 1483 procul
775 1410 859 1467 dubio
872 1409 1037 1481 disceptatio
1052 1410 1099 1465 iiia
1110 1419 1238 1467 versatur
1251 1411 1323 1466 circa
1336 1426 1498 1485 germanum

353 1502 500 1574 cujusdam
519 1502 723 1574 Scripturarum
740 1501 793 1556 ioci
813 1497 1008 1556 intellectum?
1023 1530 1060 1540 -
1072 1499 1226 1557 Assentior.
1236 1532 1274 1540 —
1286 1499 1340 1556 Sed
1354 1500 1412 1571 jam
1434 1516 1498 1577 rogo

356 1601 397 1658 te,
412 1607 448 1647 an
461 1592 539 1648 loeus
552 1593 604 1648 iste
617 1592 780 1663 perspicuus
793 1601 837 1648 est
849 1589 983 1647 dicendus
1002 1591 1036 1646 de
1055 1590 1135 1662 cujus
1155 1607 1239 1647 sensu
1257 1591 1331 1646 inter
1343 1601 1495 1663 protestan-

354 1690 398 1738 tes
414 1682 490 1754 ipsos
509 1698 564 1738 non
580 1681 727 1739 convenit?
740 1713 769 1724 -
785 1681 922 1748 UlteriuS,
943 1681 1069 1752 inquies,
1085 1697 1117 1737 ac
1135 1681 1233 1752 majori
1253 1683 1345 1738 studio
1362 1699 1408 1740 res
1420 1685 1494 1742 inda-

354 1773 444 1847 ganda
460 1783 512 1830 est.
523 1803 560 1814 -
574 1773 628 1829 Sed
646 1773 684 1842 si,
700 1772 793 1829 debita
807 1772 987 1844 inquisitione
1007 1772 1151 1838 instituta,
1165 1772 1283 1843 quisque
1302 1789 1397 1840 suam,
1416 1790 1492 1845 quam

354 1872 419 1918 ante
432 1862 564 1930 habebat,
575 1863 741 1919 sententiam
754 1863 901 1919 tenendam
915 1860 1247 1918 duxeriti—Fatendum
1259 1872 1334 1920 certe
1344 1864 1419 1921 iiuiri
1432 1873 1494 1921 tunc

354 1971 410 2011 non
429 1971 511 2026 posse
527 1954 760 2020 controuersiam,
783 1952 872 2008 cuivis
895 1961 988 2007 autem
1011 1951 1038 2008 id
1056 1952 1119 2023 jure
1132 1953 1236 2024 optimo
1253 1954 1407 2010 tenendum
1426 1954 1493 2026 quod

354 2043 409 2100 sibi
428 2046 514 2118 magis
531 2042 672 2111 arriserit,
691 2044 750 2099 illic
767 2045 886 2114 namque
908 2058 963 2098 non
982 2041 1049 2098 satis
1071 2043 1247 2114 perspicuam
1267 2044 1355 2100 videri
1375 2045 1494 2116 Scriptu-

353 2150 470 2191 ram.—
483 2136 519 2193 ht
540 2151 606 2210 rogo
625 2151 770 2191 recenseas
790 2133 860 2188 mihi
879 2149 910 2189 ea
930 2133 1089 2190 christianae
1114 2133 1258 2208 religionis
1275 2134 1364 2206 capita
1383 2150 1445 2206 quae
1461 2135 1492 2190 ab

354 2225 483 2282 omnibus
508 2228 726 2297 protestantibus
752 2225 897 2298 perspicua
922 2224 951 2279 in
976 2223 1130 2296 Scripturis
1155 2224 1258 2280 tradita
1282 2236 1465 2298 agnoscantur
1485 2241 1491 2279 :

353 2315 494 2370 enimvero
511 2316 607 2371 nuilus
625 2323 669 2371 est
690 2316 839 2387 Scripturas
858 2314 935 2370 iocus
948 2314 1120 2388 dogmaticus
1132 2314 1167 2370 de
1180 2315 1261 2385 cujus
1274 2316 1418 2372 intellectu
1431 2331 1492 2372 cou-

353 2404 474 2461 sentiant
487 2406 507 2460 ii
527 2406 574 2477 qui
588 2407 702 2476 perinde
715 2422 747 2462 ac
760 2415 789 2460 tn
803 2404 850 2460 uni
863 2404 1011 2476 Scripturae
1025 2404 1107 2460 iidem
1129 2405 1284 2461 habendam
1303 2413 1439 2461 statuunt.

388 2497 445 2553 Nec
458 2497 534 2553 dicas
554 2513 601 2553 eos
620 2496 667 2568 qui
686 2505 778 2553 tecum
799 2512 854 2552 non
873 2496 1019 2552 concinant
1038 2496 1118 2552 caecis
1141 2496 1230 2552 oculis
1243 2496 1334 2551 lucem
1348 2503 1491 2552 attrectare

351 2596 434 2659 atque
449 2588 518 2643 adeo
535 2604 591 2644 non
609 2588 757 2644 curandam
772 2603 833 2643 esse
852 2602 948 2642 eorum
969 2587 1158 2642 seutentiam:
1179 2602 1233 2657 quo
1253 2585 1328 2641 enim
1345 2585 1410 2657 jure
1429 2587 1491 2642 talia

352 2676 450 2732 efferas
469 2678 543 2733 haud
556 2688 630 2734 certe
642 2694 776 2750 assequor
792 2694 850 2754 ego.
866 2679 962 2735 Nonne
975 2677 1034 2750 pari
1049 2677 1154 2734 ratione
1168 2675 1279 2732 easdem
1300 2677 1384 2733 hasce
1402 2677 1493 2733 crimi-

352 2767 479 2824 nationes
495 2769 547 2824 tibi
562 2778 590 2825 et
602 2769 656 2841 ipsi
675 2770 796 2841 objicere
815 2767 947 2841 possenti
958 2767 1082 2825 Proiecto
1102 2767 1237 2840 quidquid
1255 2768 1371 2826 molitus
1394 2769 1491 2835 fueris,

352 2872 385 2912 eo
406 2857 518 2914 demum
543 2860 674 2916 devenias
696 2875 810 2915 necesse
831 2866 887 2925 est,
911 2867 943 2914 ut
965 2859 1138 2927 confitearis,
1161 2868 1252 2917 stante
1273 2868 1321 2916 tuo
1343 2859 1490 2933 principio,

353 2963 468 3004 summae
489 2948 607 3006 inscitiae
629 2965 691 3006 esse
713 2951 823 3007 obortas
845 2950 1047 3007 controversias
1073 2950 1227 3024 transigere
1252 2951 1338 3018 velie,
1358 2967 1420 3022 quae
1439 2965 1491 3007 nou

353 3038 408 3094 nisi
428 3040 591 3097 auctoritate
612 3041 755 3096 finiuntur.
784 3041 841 3097 lmo
863 3056 929 3097 vero
955 3040 978 3096 si
1002 3041 1084 3112 plane
1109 3040 1274 3097 consisteret
1298 3041 1491 3112 protestantica

353 3129 517 3195 methodus,
531 3147 567 3186 ne
584 3131 619 3186 de
640 3131 837 3187 controversiis
858 3130 970 3201 quidem
990 3132 1182 3201 quoquomodo
1203 3131 1386 3188 terminandis
1403 3147 1490 3189 sermo

354 3233 417 3275 esse
430 3228 541 3290 posset,
562 3237 647 3292 quum
671 3220 700 3277 in
719 3236 752 3277 eo
772 3220 848 3276 illam
866 3221 947 3277 sitam
967 3236 1029 3277 esse
1048 3221 1218 3288 viderimus,
1231 3231 1263 3276 ut
1284 3221 1404 3293 quisque
1424 3221 1489 3286 sibi,

354 3310 517 3382 interposita
535 3310 692 3383 Scriptura,
706 3311 801 3368 doctor
819 3327 851 3367 ac
867 3311 952 3383 judex
965 3311 1108 3386 religionis
1125 3311 1267 3367 habeatur.
1282 3310 1336 3368 Sed
1356 3312 1415 3368 haec
1428 3312 1490 3368 hac·

352 3407 450 3466 tenus;
464 3415 495 3455 ea
512 3401 587 3456 enim
606 3401 717 3473 copiose
734 3401 910 3474 comprobata
928 3411 993 3458 suut
1012 3418 1027 3457 e
1044 3400 1372 3472 pseudo-reformationis
1390 3401 1490 3474 princi-

352 3491 391 3562 pii
411 3491 537 3547 historia.
1433 3494 1435 3499 '

389 3582 475 3638 Porro
489 3583 518 3638 in
530 3583 595 3650 hac,
615 3599 699 3655 quam
719 3583 844 3639 hocloco
863 3583 959 3654 paucis
976 3597 1120 3655 versamus
1132 3583 1166 3638 de
1184 3582 1277 3654 judice
1289 3581 1488 3640 controversia·

353 3687 427 3735 rum,
450 3674 602 3744 quaestione
617 3687 790 3743 nequaqnam
803 3671 1000 3744 disputationis
1018 3671 1168 3728 catholicos
1182 3672 1254 3728 inter
1267 3681 1294 3728 et
1306 3680 1488 3745 protestantes

352 3762 492 3818 cardinem
513 3765 585 3820 verti
610 3779 772 3831 censemus,
789 3764 872 3835 idque
893 3779 926 3818 ex
943 3772 1008 3819 ante
1033 3763 1164 3835 praestitis
1186 3764 1300 3835 pianum
1325 3780 1388 3821 esse
1412 3763 1488 3821 nobis

351 3850 476 3918 videtur;
490 3855 615 3924 quamvis
637 3853 712 3910 enim
730 3854 806 3909 uuila
823 3870 944 3925 unquam
963 3855 1119 3911 oboriretur
1136 3855 1338 3922 controversia,
1360 3855 1430 3910 falsa
1448 3864 1487 3910 ta-

352 3956 416 3997 men
438 3948 519 4012 atque
541 3952 600 3999 tum
622 3960 638 4000 a
657 3953 763 4000 naturae
788 3943 913 4017 legibus,
932 3954 992 4001 tum
1013 3945 1048 4000 ab
1070 3943 1162 4000 indole
1184 3953 1211 4000 et
1230 3959 1313 4015 scopo
1332 3943 1488 4000 christiana

350 4031 528 4088 revelationis
546 4034 627 4105 piane
645 4034 797 4091 abhorrens
812 4036 1000 4091 demonstrata
1018 4034 1088 4092 foret
1106 4035 1318 4108 protestantium
1331 4034 1484 4091 methodus.

350 4121 480 4178 httamen
496 4122 608 4178 exordio
628 4124 657 4179 in
676 4140 709 4181 eo
725 4125 863 4197 praecipue
882 4126 1020 4197 ponebant
1039 4125 1124 4182 totius
1144 4126 1341 4198 disputationis
1358 4125 1417 4182 rim
1435 4122 1484 4196 ipsi

351 4210 496 4285 theologiae
514 4211 656 4269 catholicae
676 4214 830 4287 principes,
851 4224 882 4271 ut
898 4215 1075 4272 ostenderent
1088 4231 1143 4273 non
1157 4216 1326 4289 scripturam
1341 4216 1386 4273 sui
1400 4214 1485 4288 ipsius
