3166 5168
333 359 501 403 urrutsuus
516 359 554 401 an
568 354 754 402 scaurorum
769 357 787 399 a
803 355 929 400 sanauss
943 353 1189 400 accouuooarus.
1294 344 1352 403 155

213 505 379 563 immutatus
396 503 464 571 tuit,
480 503 508 560 id
526 520 615 566 unum
629 503 698 560 adeo
718 509 910 573 portentosum
927 509 983 566 est,
1003 511 1035 558 ut
1050 503 1155 573 quavis
1171 501 1225 558 alia
1241 515 1356 576 superet

215 594 351 653 miracula
371 593 551 666 omniumque
572 593 770 650 miraculorum
794 591 945 647 maximum
967 591 1005 648 sit
1028 591 1178 650 dicendum·
1195 592 1263 668 (ll.
1282 594 1355 663 Quid

215 683 308 742 eninr?
330 683 445 743 Constat
468 684 610 743 Christum
632 693 661 741 et
684 683 842 756 Apostolos,
866 681 967 754 quihus
991 682 1063 738 nihil
1087 684 1233 754 potestatis
1252 686 1356 746 artisve

215 774 344 834 humane
363 776 467 844 inerat,
486 791 519 832 eo
538 791 670 833 successu
692 774 846 832 doctrinam
870 790 949 830 suam
971 773 1149 846 praedicasse,
1164 782 1209 841 nt,
1229 777 1355 847 quamvis

166 895 169 902 ·
214 881 249 922 ea
267 866 396 924 omnihus
413 867 560 924 hominum
577 875 638 922 tum
655 865 750 937 pravis
767 864 982 936 cupiditatibus,
994 873 1055 919 tum
1073 863 1226 920 commodis
1244 867 1356 937 penitus

215 956 422 1022 adversaretur,
438 955 473 1012 ab
486 956 631 1012 innumera
647 965 741 1012 tamen
760 953 938 1012 multitudine
955 969 1037 1026 quam
1056 954 1176 1026 primurn
1195 953 1279 1012 luerit
1291 972 1356 1014 sus·

215 1055 309 1118 cepta;
333 1062 423 1117 neque
444 1062 511 1103 vero
527 1046 623 1119 paucis
642 1045 724 1102 annis
742 1054 850 1102 retenta
873 1053 916 1102 est
938 1045 991 1102 ista
1014 1045 1151 1110 doctrina,
1177 1045 1226 1102 sed
1245 1061 1280 1102 ex
1301 1062 1355 1120 quo

215 1144 328 1208 recepta
346 1145 398 1193 est·
414 1151 552 1207 nusquam
571 1135 686 1193 dimissa
707 1136 922 1208 societatemque
944 1135 1111 1208 peculiarem
1133 1136 1256 1193 condidit
1279 1154 1355 1210 quae,

217 1226 345 1281 ncillam
361 1226 504 1297 rejiceret,
520 1235 657 1282 tormenta
675 1242 708 1282 ac
723 1225 858 1298 supplicia
880 1225 1005 1282 omnium
1027 1225 1206 1281 acerbissima
1223 1225 1356 1284 diuturno

217 1313 353 1384 temporis
371 1313 460 1385 spatio
481 1313 599 1370 tolerare
616 1328 672 1370 non
688 1313 839 1382 dubitavit,
855 1330 970 1387 quaeque
989 1315 1055 1372 inde
1073 1332 1089 1370 a
1106 1314 1218 1373 Christo
1235 1315 1270 1372 ad
1286 1317 1357 1373 hanc

217 1419 307 1476 usque
324 1412 433 1460 aetatmn
457 1403 554 1459 eadem
570 1405 651 1460 tirma
668 1404 799 1476 perstitit.
819 1405 861 1461 En
880 1405 983 1462 lactum
1001 1407 1158 1478 publicum,
1183 1408 1214 1462 in
1231 1409 1357 1465 omnium

217 1496 314 1552 oculos
329 1495 493 1562 incurrens,
510 1495 647 1567 cujusque
662 1495 797 1552 rationem
816 1497 933 1553 reddant
948 1506 1056 1569 oportet
1076 1497 1132 1571 ipsi
1152 1498 1355 1556 rationalistae:

218 1586 314 1643 nullus
335 1594 379 1642 est
399 1584 515 1643 effectus
534 1586 597 1642 sine
620 1601 717 1652 eausa,
737 1601 829 1658 neque
848 1586 900 1642 hac
914 1587 1047 1658 majorem
1065 1586 1144 1644 illum
1165 1589 1278 1662 agnosci
1299 1589 1357 1645 ullo

218 1687 299 1750 pacto
318 1676 372 1734 lert
390 1677 491 1750 logica;
510 1675 690 1749 quamobrem
717 1675 742 1732 si
761 1675 875 1734 omnino
896 1676 1038 1746 insuetus,
1059 1687 1237 1750 portentosus
1258 1695 1290 1737 ac
1308 1697 1358 1737 su·

218 1768 403 1840 pernaturalis
425 1766 613 1839 conspiciatur
637 1765 765 1832 effectus,
787 1765 923 1838 stupenda
944 1781 1054 1838 quoque
1074 1783 1107 1823 ac
1130 1768 1294 1825 miraculosa
1311 1783 1359 1844 ag*

217 1868 350 1916 noscatur
367 1874 451 1916 causa
470 1872 586 1915 neeesse
602 1865 657 1924 est;
677 1857 781 1929 alioqui
798 1873 832 1914 co
851 1872 962 1930 semper
979 1858 1081 1915 recidis
1100 1867 1132 1915 ut
1149 1858 1278 1916 effectum
1296 1860 1359 1917 sine

216 1964 302 2004 causa
319 1949 436 2016 habeas;
454 1963 510 2020 quo
532 1947 645 2020 quidem
664 1947 824 2004 necessario
844 1947 957 2004 ducitur
978 1948 1198 2017 rationalismus,
1220 1965 1254 2006 ex
1277 1950 1358 2022 cuius

216 2039 336 2097 decretis
348 2038 573 2096 christianismus
585 2053 683 2110 reapse
695 2036 830 2094 dicendus
843 2037 914 2094 foret
924 2037 1041 2095 effeetus
1054 2039 1115 2095 siue
1127 2054 1220 2096 eausa.

255 2132 349 2202 ltaque
367 2132 410 2186 vel
429 2129 533 2187 Christi
550 2129 682 2184 miracula
700 2144 765 2184 vera
788 2127 913 2183 habenda
931 2136 1011 2196 sunt,
1028 2130 1072 2184 vel
1091 2130 1183 2186 omnia
1201 2145 1358 2204 repugnan-

219 2221 266 2278 tiis
285 2205 368 2293 plena
389 2228 532 2292 apparent.
552 2218 606 2276 Sed
624 2218 660 2274 de
675 2218 720 2274 his
738 2218 881 2274 hactenns

253 2392 351 2448 Finem
367 2393 424 2464 jam
443 2391 533 2448 lacere
549 2391 631 2448 licaet
652 2390 775 2449 methodi
792 2392 1024 2463 protestantismi,
1045 2409 1128 2464 quam
1149 2394 1244 2466 paucis
1260 2397 1357 2452 adum·

216 2485 298 2540 hrare
312 2484 561 2556 praestitueramus,
575 2483 707 2540 historiae.
721 2482 803 2538 Varia
815 2483 876 2556 ejus
886 2482 940 2539 lata
953 2483 1079 2540 celeriori
1093 2499 1258 2556 quamquam
1270 2484 1357 2558 gradu

217 2574 461 2646 perlustravimus;
482 2573 548 2645 quid
568 2573 682 2639 erroris,
704 2573 771 2644 quid
791 2572 882 2640 exitii,
896 2571 963 2643 quid
977 2571 1103 2646 religioni
1118 2573 1262 2629 autetiam
1275 2581 1357 2630 rectae

217 2664 318 2720 rationi
331 2663 452 2734 oppositi
464 2662 494 2717 in
508 2679 540 2717 ea
552 2663 697 2719 delitescat
709 2662 797 2719 oculis
810 2662 1014 2733 conspeximus.

253 2750 335 2805 lnitio
364 2749 476 2820 quidem
499 2749 553 2820 ipsi
578 2758 764 2821 protestantes
788 2751 910 2823 theologi
935 2750 996 2820 ejus
1021 2749 1142 2806 indolem
1168 2766 1224 2806 non
1248 2750 1358 2808 inerant

216 2839 352 2905 assecuti,
374 2848 402 2894 et
423 2837 592 2910 quicumque
616 2853 677 2892 eam
700 2837 875 2909 aliquatenus
897 2839 995 2894 saltem
1018 2839 1090 2895 serio
1108 2839 1201 2896 animo
1223 2840 1253 2895 in
1274 2857 1358 2897 usum

216 2928 353 2985 adducere
372 2928 515 2995 volebant,
539 2936 570 2984 ut
595 2928 739 3002 religionis
762 2929 857 2986 hostes
881 2930 1091 3001 proditoresque
1112 2944 1127 2985 a
1150 2930 1257 2986 caeteris
1281 2930 1358 2986 dam-

216 3019 355 3076 nabantur
374 3035 381 3074 ι
402 3019 476 3075 unde
497 3028 573 3091 patet
593 3019 638 3076 his
660 3019 811 3077 latentibus
830 3019 991 3078 methodum
1012 3021 1089 3077 illam
1111 3020 1177 3076 iniri
1198 3036 1254 3078 nou
1276 3037 1359 3094 posse

215 3110 285 3182 quin
298 3119 355 3167 tota
369 3109 551 3166 labefactetur
563 3109 669 3184 religio.
689 3111 725 3167 Et
742 3126 809 3169 vero
825 3112 968 3186 theologos
987 3110 1041 3168 sibi
1055 3118 1214 3168 constantes
1226 3111 1260 3167 ad
1273 3111 1359 3168 lndii·

215 3201 409 3257 ferentismum
421 3200 500 3255 breui
515 3200 562 3255 illa
572 3200 701 3269 adduxit,
714 3202 743 3257 id
756 3213 814 3270 est,
828 3204 862 3259 ad
875 3203 1017 3277 religionis
1031 3202 1214 3276 negationem.
1228 3201 1356 3259 Nondum

215 3301 309 3348 tamen
333 3292 415 3363 plene
436 3299 465 3346 et
488 3305 523 3347 ex
549 3299 608 3348 toto
632 3291 667 3346 ad
686 3307 793 3348 sacram
818 3292 988 3366 Scripturam
1009 3293 1247 3350 accommodatum
1269 3291 1359 3346 luerat

215 3380 551 3455 pseudo-relormatiouis
573 3381 750 3454 principium.
764 3381 800 3438 ht
821 3383 933 3439 demum
952 3384 1043 3440 extitit
1061 3382 1169 3440 Semler
1186 3383 1234 3454 qui
1254 3382 1357 3439 consti-

215 3471 272 3528 tuit
299 3471 385 3528 libros
403 3488 497 3529 sacros
525 3472 586 3529 sine
608 3473 664 3528 ulla
692 3472 727 3529 de
752 3474 849 3545 quovis
873 3473 1001 3548 dogmate
1025 3473 1203 3545 praejudicata
1227 3473 1358 3544 opinione

216 3561 393 3633 accipiendos
409 3563 674 3635 explanandosque:
693 3561 759 3619 iutle
776 3565 888 3620 tandem
906 3573 982 3621 ortus
1001 3563 1209 3621 rationalismus
1221 3562 1357 3632 biblicus,

215 3652 265 3726 qui
284 3668 348 3708 mox
360 3667 415 3723 qua
428 3652 533 3726 fulgent
551 3654 756 3724 supernaturali
768 3663 867 3711 natura
884 3653 1040 3727 Scripturas
1053 3654 1131 3711 exirit
1146 3669 1249 3725 easque
1260 3654 1357 3712 eodem

216 3758 331 3815 prorsus
356 3741 417 3798 loco
438 3741 579 3798 habendas
601 3759 655 3812 quo
679 3744 783 3816 scripta
804 3744 917 3817 prolana
938 3743 1071 3802 decrerit.
1096 3744 1168 3800 llinc
1186 3743 1288 3817 duplex
1310 3745 1357 3802 ille

216 3832 399 3889 rationalismi
421 3833 563 3898 surculus,
582 3831 786 3889 Naturalismus
804 3842 833 3890 et
848 3835 1026 3906 Mythismus,
1045 3834 1108 3906 qui,
1126 3834 1257 3906 quoniam
1279 3836 1356 3894 nefas

249 4006 295 4071 (1)
308 4005 359 4057 «Si
374 4019 433 4057 vero
449 4018 494 4069 per
510 4001 640 4070 Apostolos
656 4000 764 4063 Christi,
781 4008 811 4053 ut
826 4003 862 4054 eis
877 4004 1038 4067 crederetur,
1054 4006 1266 4059 resurrectionem
1282 4013 1358 4073 atque

214 4087 404 4139 adscensionem
417 4083 615 4152 predicantibus
627 4082 736 4144 Christi,
749 4083 826 4135 etiam
838 4084 885 4136 ista
898 4086 1021 4138 miracula
1032 4087 1097 4139 sacta
1108 4104 1161 4140 esse
1172 4105 1224 4141 non
1235 4086 1357 4148 credunt,

214 4170 263 4221 hoc
275 4170 347 4220 nobis
363 4183 445 4219 unum
456 4165 551 4235 grume
566 4166 718 4220 miraculum
734 4167 842 4231 sufficit,
853 4168 920 4237 quod
937 4186 991 4221 earn
1008 4177 1136 4222 terrarum
1147 4169 1216 4221 orbis
1227 4170 1282 4220 sine
1297 4164 1357 4218 ullis

215 4250 345 4304 miraculis
356 4248 473 4301 credidit.
483 4266 497 4299 u
510 4253 541 4300 De
552 4252 600 4301 civ.
612 4255 670 4311 liei,
682 4249 728 4301 lib.
740 4254 788 4313 22,
802 4267 823 4303 c.
836 4255 860 4302 5.

1170 4379 1210 4436 20
