3150 5160
360 347 399 407 ll6
455 363 493 406 DE
514 362 554 405 llS
575 361 719 404 rhrntaus
740 361 793 415 Qut
815 359 886 403 POST
908 359 997 402 AEl'lih
1020 358 1224 403 apostolicum
1247 358 1412 404 anuntiant.

396 510 491 579 ltaque
509 522 564 578 quo
584 504 693 562 15511155
712 505 816 577 liqueat
838 503 884 560 uhi
906 503 943 561 sit
962 503 1079 571 veritas,
1098 504 1285 562 Tertullianus
1304 506 1339 561 ad
1358 505 1507 578 Apostolos

359 607 387 653 et
402 596 544 652 Christum
563 611 653 669 usquc
671 594 810 661 ascendit,
830 605 862 651 ut
879 595 972 651 videat
988 593 1054 667 quid
1071 595 1106 650 ah
1126 595 1206 652 initio
1227 595 1386 652 institutum
1406 595 1505 662 luerit,

359 695 564 743 monstraturus
579 685 680 742 deinde
696 686 769 757 apud
787 701 834 742 eos
851 695 960 742 tanturn
975 684 1150 756 quaerendam
1164 685 1307 743 veritatem
1320 687 1368 758 qui
1382 687 1506 757 Aposto-

358 777 450 833 lorum
466 790 642 832 successores
658 785 738 844 sunt,
756 775 878 847 reliquos
894 791 971 842 vero,
995 784 1026 830 ut
1041 789 1091 831 sua
1106 776 1217 831 decreta
1233 775 1450 844 venditaverint,
1467 793 1506 832 nc

359 866 512 923 audiendos
525 865 638 936 quidem
652 881 725 922 esse.
739 865 783 921 Sic
796 863 830 920 de
843 866 983 936 Apostolis
997 865 1073 923 etde
1087 866 1214 922 555155115
1231 882 1292 938 quae
1307 865 1341 920 ah
1354 865 1399 920 his
1411 875 1507 921 crtum

362 965 471 1012 traxere
488 956 633 1027 loquitur:
650 956 773 1013 «Statim
791 956 875 1029 igitur
892 956 1016 1029 Apostoli
1108 956 1249 1013 consecuti
1266 956 1431 1028 promissam
1446 955 1508 1011 vim

360 1044 483 1117 Spiritus
502 1045 591 1101 sancti
611 1045 645 1101 ad
664 1045 783 1101 virtutes
802 1054 829 1101 51
847 1046 1004 1118 eloquium,
1026 1046 1114 1118 primo
1137 1061 1186 1117 per
1205 1047 1327 1102 15155551
1350 1054 1507 1102 contestata

361 1134 417 1192 ilde
429 1135 458 1191 in
472 1135 566 1191 lesum
580 1134 735 1203 Christum,
750 1146 778 1192 et
796 1137 921 1193 ecclesiis
940 1135 1091 1203 institutis;
1105 1136 1207 1192 dehinc
1219 1135 1248 1190 15
1264 1135 1357 1190 orbem
1374 1133 1506 1206 proiecti,

361 1225 487 1282 eamdem
505 1226 658 1281 doctrinam
676 1226 801 1298 ejusdem
818 1227 881 1283 fidei
901 1227 1059 1284 nationibus
1076 1227 1333 1299 promulgaverunt,
1347 1233 1375 1280 ct
1388 1224 1508 1295 proinde

363 1317 496 1373 ecclesias
512 1317 584 1387 apud
600 1331 822 1388 unamquamque
839 1316 979 1372 civitatem
1001 1317 1197 1379 condiderunt,
1213 1333 1231 1371 5
1248 1316 1347 1386 quibas
1364 1315 1507 1370 traducem

363 1408 427 1476 fidei
443 1413 467 1462 51
484 1407 589 1461 semina
605 1406 732 1461 doctrino
746 1415 844 1462 551555
862 1407 961 1461 calade
973 1407 1085 1461 55515515
1101 1411 1230 1460 mutuatae
1247 1412 1326 1471 51151,
1346 1406 1508 1474 5115511115

363 1501 529 1551 5151555155
547 1500 578 1550 ut
596 1497 708 1551 55515515
725 1498 808 1564 fiant,
826 1513 857 1551 ac
882 1513 930 1567 pcr
946 1497 994 1552 hoc
1015 1501 1039 1551 et
1064 1497 1130 1566 111551
1148 1497 1299 1565 apostolico
1319 1497 1504 1566 deputantur,

364 1588 510 1642 (1155115155
532 1588 744 1657 apostolicarum
764 1588 944 1642 ecclesiarum.
956 1605 970 1638 1
984 1617 1021 1627 -
1033 1586 1092 1654 Quo
1112 1594 1204 1642 autem
1223 1596 1303 1658 pacto
1323 1585 1505 1642 manifestum

365 1692 428 1733 esse
443 1676 545 1749 poterit
558 1677 629 1733 hanc
642 1677 752 1733 illamve
768 1677 912 1732 ecclesiam
926 1692 1023 1734 recens
1039 1676 1177 1732 conditam
1190 1677 1303 1732 achatem
1318 1681 1506 1747 5555515115-

365 1768 483 1823 litorum
501 1768 685 1832 cocheiacum,
703 1767 826 1838 adeoque
843 1782 936 1822 veram
958 1766 1061 1822 Christi
1086 1765 1238 1821 doctrinam
1260 1767 1288 1821 in
1312 1767 1371 1839 ipsa
1391 1767 1508 1825 inesse?

367 1856 396 1912 ld
411 1857 581 1929 inpromptu
599 1858 666 1924 crit,
681 1857 720 1912 ait
734 1865 841 1921 auctor,
856 1857 879 1913 si
893 1857 973 1913 modo
991 1856 1107 1912 ecclesia
1120 1856 1173 1912 ista
1191 1872 1254 1913 cum
1273 1857 1434 1928 apostolicis
1451 1875 1505 1931 per

350 1942 485 2003 'externae
509 1947 710 2004 communionis
732 1947 841 2003 vincula
863 1947 947 2004 luerit
967 1949 1113 2020 conjuncta
1132 1965 1139 2004 :
1161 1968 1176 2001 (1
1187 1949 1281 2019 ltaque
1303 1956 1344 2004 tot
1365 1964 1398 2004 ac
1419 1957 1510 2006 tants

366 2038 491 2095 ecclesiae
503 2054 557 2093 una
571 2047 614 2094 est
628 2039 675 2093 illa
686 2039 720 2094 ah
731 2037 870 2110 Apostolis
884 2039 985 2111 prima,
996 2055 1030 2094 55
1042 2057 1097 2110 quo
1110 2055 1209 2095 omnes.
1223 2038 1269 2095 Sic
1282 2054 1378 2095 omnes
1392 2039 1507 2110 primm,

366 2137 394 2183 et
406 2128 578 2199 apostolicae,
591 2127 657 2183 dum
679 2144 733 2184 una
746 2144 843 2185 omnes
859 2130 976 2201 probant
993 2130 1150 2185 unitatem:
1165 2129 1288 2185 domest
1305 2129 1361 2184 illis
1379 2144 1509 2184 commu-

366 2218 469 2274 nicatio
487 2219 576 2290 pacis,
594 2227 622 2274 ct
639 2219 786 2290 appellatio
809 2217 1004 2286 fraternitatis,
1025 2228 1052 2276 et
1070 2218 1269 2276 contesseratio
1289 2218 1509 2289 hospitalitatis;

367 2324 430 2380 quae
441 2308 501 2379 jura
516 2308 634 2364 nonalia
648 2308 717 2364 ratio
731 2309 814 2380 regit,
826 2324 908 2379 quam
921 2309 1046 2381 ejusdem
1060 2308 1225 2366 sacramenti
1236 2306 1279 2383 (1)
1293 2324 1346 2363 555
1358 2308 1507 2365 tradition

368 2400 426 2456 llac
438 2415 502 2472 ergo
515 2399 622 2454 ratione
633 2399 689 2469 jam
702 2400 890 2469 praecribitur
902 2409 1053 2457 contraeas
1066 2399 1220 2470 omnesqui
1237 2415 1300 2454 cum
1311 2398 1366 2454 illis
1381 2398 1512 2456 ecclesiis

367 2505 423 2545 non
442 2489 661 2562 conjunguntur;
675 2490 727 2545 hoc
744 2490 819 2546 enim
837 2490 896 2561 ipso
910 2506 925 2544 a
939 2490 1054 2546 veritate
1069 2489 1153 2545 iidem
1170 2489 1298 2543 aberrent
1316 2503 1433 2544 necesse
1453 2498 1511 2544 est.

367 2581 408 2636 lta
420 2580 480 2651 ipse
494 2595 501 2634 :
517 2599 531 2632 «
544 2579 614 2635 11155
625 2579 709 2651 igitur
719 2580 865 2652 dirigimus
877 2581 1121 2650 prescriptionem,
1133 2578 1157 2634 si
1171 2578 1302 2634 Dominus
1316 2579 1397 2634 lesus
1409 2577 1512 2636 Chris-

368 2679 414 2725 tus
430 2669 575 2741 Apostolos
588 2671 664 2726 misit
676 2670 710 2726 ad
728 2670 944 2741 praedicandum,
959 2671 1028 2726 alios
1042 2686 1095 2726 non
1110 2685 1172 2725 esse
1185 2669 1358 2740 recipiendos
1372 2669 1513 2740 praedica·

367 2769 456 2827 tores,
474 2776 556 2831 quarn
573 2759 701 2816 Christus
720 2761 856 2828 instituit;
870 2761 934 2833 quia
951 2777 1002 2817 nec
1016 2762 1089 2816 alius
1106 2761 1216 2816 Patrem
1235 2759 1312 2815 novit
1327 2758 1383 2814 nisi
1402 2759 1511 2827 1111115,

368 2858 397 2906 51
409 2849 454 2906 551
467 2851 555 2906 Filius
570 2851 718 2918 revelavit,
732 2866 783 2907 nec
795 2851 858 2907 aliis
873 2851 983 2907 videtur
997 2852 1135 2907 revelasse
1152 2849 1238 2905 Filius
1254 2864 1336 2920 quarn
1350 2847 1511 2918 Apostolis,

371 2955 441 3011 quos
462 2940 540 2995 misit
560 2941 595 2996 ad
616 2941 838 3013 praedicandum,
862 2942 957 3014 utique
981 2941 1054 3012 quod
1075 2941 1133 2995 illis
1155 2939 1297 2995 revelavit.
1320 2937 1392 3005 Quid
1414 2948 1512 2994 551551

370 3029 593 3102 praedicaverint,
612 3031 640 3086 id
660 3040 719 3098 est,
739 3030 805 3103 quid
825 3032 881 3087 illis
898 3031 1025 3087 Christus
1041 3028 1215 3096 revelaverit,
1228 3036 1257 3083 et
1273 3028 1317 3083 hic
1331 3029 1513 3097 proscribam

370 3136 425 3178 non
445 3120 526 3176 aliter
542 3121 651 3191 probari
668 3120 782 3188 dehere,
797 3121 851 3175 nisi
869 3136 918 3192 1151
934 3121 1045 3176 easdem
1058 3118 1204 3184 eeclesias,
1224 3133 1292 3190 quas
1312 3118 1364 3189 ipsi
1381 3117 1512 3189 Apostoli

371 3210 567 3275 condiderunt,
580 3210 633 3282 ipsi
647 3210 687 3265 515
704 3209 890 3281 praedicando,
903 3219 959 3265 1515
972 3211 1048 3275 5155,
1061 3210 1133 3281 quod
1152 3208 1243 3274 aiunt,
1262 3224 1343 3275 voce,
1357 3224 1442 3280 quam
1459 3225 1511 3280 per

344 3354 346 3359 .
372 3302 503 3374 epistolas
513 3305 615 3372 1151155.
629 3300 658 3356 Si
671 3301 730 3355 haec
743 3300 780 3355 ita
796 3309 876 3367 sunt,
890 3309 997 3357 constat
1013 3299 1128 3372 proinde
1141 3313 1249 3354 ornnem
1265 3297 1434 3365 doctrinam,
1448 3315 1513 3370 quae

372 3408 434 3448 cum
458 3392 514 3448 illis
531 3391 656 3448 ecclesiis
675 3384 834 3462 apostolicis
851 3391 1012 3447 matricibus
1031 3399 1059 3446 51
1075 3389 1255 3462 originalibus
1273 3389 1337 3445 fidei
1353 3389 1511 3460 conspiret,

372 3482 482 3538 veritati
502 3481 702 3554 deputandam;
721 3481 783 3536 sine
805 3481 890 3537 duhio
907 3489 1046 3537 tenentem
1068 3479 1141 3551 quod
1162 3480 1285 3535 ecclcsiae
1302 3479 1336 3534 ah
1356 3479 1513 3550 Apostolis,

373 3573 497 3645 Apostoli
514 3589 530 3628 a
546 3572 672 3639 Christo,
689 3572 817 3628 Christus
837 3587 851 3627 a
871 3572 925 3627 lieo
942 3571 1048 3642 accepit
1064 3567 1107 3644 (1)
1126 3586 1132 3625 :
1152 3585 1257 3626 5515551
1278 3585 1340 3624 vero
1357 3571 1514 3627 doctrinam

373 3667 406 3719 de
423 3664 808 3728 (5551551515555515155111,
829 3662 994 3732 1555511151
1012 3667 1106 3715 contra
1122 3663 1264 3715 acritatem
1282 3660 1470 3726 ecclesiaram,
1490 3668 1515 3717 51

373 3755 576 3825 Apostolorum,
589 3760 613 3808 et
626 3752 744 3814 Christi,
760 3759 783 3808 51
800 3753 858 3807 liei.
875 3750 1007 3823 Superest
1020 3765 1084 3824 ergo
1100 3751 1139 3806 uti
1154 3751 1390 3816 demonstremus,
1404 3764 1440 3805 an
1454 3750 1517 3808 haec

375 3855 470 3902 nostra
482 3844 620 3911 doctrina,
633 3844 713 3915 cujus
730 3843 853 3917 regulam
870 3857 953 3914 supra
969 3841 1106 3898 edidimus
1121 3839 1184 3916 (5),
1197 3842 1232 3897 de
1244 3840 1441 3913 Apostolorum
1458 3851 1517 3898 tra-

407 4001 449 4065 (1)
464 4003 650 4050 Socranwotum
661 3996 817 4049 Tertulliano
831 4011 897 4064 saepc
914 3995 981 4047 idem
997 4004 1034 4047 est
1049 3992 1117 4062 quod
1133 3994 1248 4046 doctrina
1262 3992 1400 4046 christiana
1415 3993 1444 4046 15
1461 3996 1521 4048 551-

375 4095 487 4130 5515551.

409 4163 452 4231 (1)
464 4162 512 4213 1115
523 4160 642 4229 indigitat
653 4169 740 4213 auctor
752 4161 842 4212 miram
859 4175 913 4209 cam
924 4157 1135 4211 necessitudinem
1148 4176 1219 4227 quae,
1232 4166 1263 4209 51
1271 4157 1339 4225 apud
1351 4159 1376 4210 S.
1386 4159 1524 4228 ignatium

376 4246 517 4314 prasertim
532 4243 655 4305 vidimus,
670 4244 737 4294 intcr
750 4241 899 4302 Ecclesiam,
912 4240 1041 4294 Christum
1056 4249 1082 4291 et
1097 4243 1175 4295 1155111
1193 4239 1334 4293 intercedit.

410 4327 453 4396 (5)
467 4326 535 4380 Fidei
548 4326 694 4379 christianae
705 4325 849 4392 symbolum
862 4325 1011 4378 recitaverat
1022 4339 1044 4376 c.
1057 4328 1098 4376 ts.
