3150 5160
350 351 391 410 92
432 367 472 409 1>ss
492 366 532 410 us
552 367 698 411 nanninus
718 368 773 422 Qut
793 367 866 411 POST
888 367 978 409 AEvurt
1000 366 1206 411 nros'rohlcbtt
1227 369 1394 414 ELORUERE.

350 513 419 569 ditis
431 513 546 568 Patrum
560 511 678 583 scripta,
692 511 757 583 quia
770 527 805 567 ex
817 512 948 568 Patribus
961 527 1016 568 non
1030 512 1110 568 estis.
1120 511 1162 568 hd
1175 514 1328 572 catholicos
1340 531 1405 590 ergo
1418 533 1500 590 spec-

349 611 411 658 tant
426 617 488 674 quae
506 603 651 658 attulimus
670 602 773 676 egregii
791 602 913 660 doctoris
932 603 1145 675 praeclarissima
1165 619 1233 660 sane
1252 605 1350 672 verba;
1369 615 1398 663 ct
1410 624 1500 679 quant

351 693 511 763 exprimunt
534 692 624 765 legem
653 691 824 762 suscipimus
849 700 932 763 atque
959 706 1068 746 summo
1093 691 1186 747 studio
1211 692 1240 746 in
1267 694 1397 751 omnibus
1420 697 1499 768 sequi

351 798 481 839 curamus
503 799 510 839 :
530 782 558 836 in
576 781 621 837 his
641 781 717 837 enim
740 782 833 838 tribus
852 782 927 840 notis
950 781 1025 838 inest
1043 781 1177 839 doctrinae
1201 783 1347 840 catholicae
1367 786 1500 858 signacu-

353 874 422 930 lum.

387 963 445 1019 Nec
465 961 539 1018 dicat
557 961 659 1033 aliquis
677 976 712 1017 ex
730 960 843 1018 statutis
864 977 880 1016 a
899 961 1045 1018 Vincentio
1064 961 1211 1034 principiis
1228 965 1377 1036 consequi,
1398 965 1498 1038 privati

351 1055 474 1111 doctoris
492 1069 555 1110 esse
567 1052 722 1109 doctrinam
739 1051 851 1107 concilii
872 1052 1011 1125 generalis
1026 1052 1138 1108 decreto
1157 1053 1292 1109 sancitam
1311 1055 1346 1110 ad
1366 1056 1498 1111 trutinam

352 1158 495 1210 revocare,
511 1151 544 1200 ut
561 1143 710 1214 perspiciat
722 1157 758 1196 an
776 1156 874 1212 reapse
893 1142 984 1198 tribus
1004 1141 1062 1196 illis
1081 1142 1154 1198 notis
1168 1157 1200 1197 ea
1220 1142 1258 1198 sit
1276 1143 1393 1199 munita.
1407 1144 1500 1219 Pergit

352 1236 427 1292 enim
451 1243 547 1290 auctor
572 1233 728 1305 expendere
752 1241 835 1304 atque
861 1231 999 1303 explicare
1021 1241 1079 1287 tres
1098 1233 1161 1288 illas
1179 1248 1249 1304 quas
1271 1234 1386 1290 tradidit
1404 1244 1495 1302 notas,

352 1323 470 1380 aedicit
487 1339 540 1395 qua
556 1323 669 1378 demum
688 1321 794 1378 ratione
810 1321 845 1376 ad
858 1322 963 1389 varios,
977 1322 1025 1393 qui
1040 1331 1201 1388 occurrant,
1217 1339 1300 1379 casus
1319 1324 1377 1380 sint
1392 1340 1500 1381 accom-

353 1414 507 1472 modandae.
526 1415 561 1470 Et
575 1413 696 1486 primum
716 1411 841 1483 quidem,
860 1430 875 1464 n
896 1411 963 1483 quid
983 1412 1007 1466 si
1028 1411 1057 1466 in
1077 1411 1137 1483 ipsa
1158 1421 1297 1469 vetustate
1314 1413 1433 1470 duorum
1451 1424 1500 1471 ant

354 1507 441 1563 trium
460 1505 604 1562 hominum
622 1505 666 1559 vel
685 1510 760 1559 certe
777 1502 898 1558 civitatis
917 1503 1002 1558 unius
1025 1510 1074 1557 aut
1095 1503 1180 1557 etiam
1205 1502 1355 1574 provinciae
1379 1505 1501 1577 alicujus

354 1613 434 1654 error
451 1591 692 1668 deprehendatur?
713 1612 728 1646 u
749 1592 821 1661 Quid
837 1601 904 1648 tunc
923 1592 1030 1649 doctori
1049 1593 1184 1649 catholico
1205 1593 1348 1667 religionis
1368 1593 1423 1650 lata
1437 1610 1499 1666 per-

354 1686 485 1743 lustranti
505 1683 659 1758 agendum‘l
678 1683 773 1755 Neque
793 1684 868 1740 enim
895 1699 950 1738 una
967 1692 1093 1740 vetustas
1112 1685 1182 1740 satis
1199 1693 1243 1740 est
1263 1684 1397 1740 doctrinm
1416 1685 1499 1741 alicui

353 1775 496 1832 firmandae
507 1791 514 1830 :
525 1775 580 1830 imo
591 1790 623 1830 ea
641 1782 750 1830 tantum
762 1790 826 1830 vera
839 1790 871 1830 ac
884 1774 994 1847 propria
1007 1775 1159 1847 antiquitas
1172 1774 1275 1831 dicitur
1287 1791 1350 1846 quae
1362 1776 1398 1831 ad
1412 1774 1500 1847 Apos-

353 1867 426 1925 tolos
443 1875 472 1923 ct
489 1865 632 1922 Christum
651 1881 740 1936 usqne
754 1865 888 1922 ascendit.
909 1866 1112 1938 Quapropter«
1127 1873 1195 1921 tunc
1214 1866 1327 1922 omnino
1340 1866 1451 1921 curabit
1470 1875 1501 1922 ut

354 1973 506 2032 pancorum
530 1956 678 2013 temeritati
701 1955 746 2010 vel
766 1955 898 2022 inscitiae,
923 1955 948 2011 si
970 1972 1023 2027 qua
1043 1964 1109 2011 sunt
1130 1956 1324 2012 universaliter
1344 1957 1502 2027 antiquitus

354 2048 521 2106 universalis
533 2047 642 2102 concilii
655 2047 761 2101 decreto
771 2051 915 2116 proponat
926 2045 955 2120 (l
965 2043 987 2118 ).
996 2064 1011 2098 n
1025 2045 1054 2102 si
1067 2045 1141 2118 quod
1154 2061 1219 2120 ergo
1232 2047 1343 2103 concilii
1357 2046 1503 2104 universa·

357 2141 393 2197 lis
409 2139 552 2196 decretum
571 2145 711 2204 occurrat,
727 2136 858 2193 facillimo
871 2136 980 2210 negotio
998 2152 1044 2192 res
1065 2136 1217 2209 peragitur3
1233 2136 1297 2192 inde
1316 2137 1393 2191 enim
1406 2147 1503 2208 aperte

355 2230 444 2302 liquet
456 2245 471 2284 a
485 2228 586 2300 qulbus
602 2228 727 2299 partibus
747 2234 802 2283 stet
818 2227 932 2283 veritas.
947 2225 1001 2283 Sed
1015 2245 1030 2280 n
1044 2226 1125 2298 quid,
1139 2227 1178 2282 ita
1196 2226 1385 2297 prosequitur,
1402 2228 1427 2284 si
1446 2229 1503 2286 tale

354 2318 460 2390 aliquid
479 2327 602 2392 emergat
624 2317 671 2373 ubi
692 2317 763 2373 nihil
786 2317 946 2390 hujusmodi
965 2316 1138 2389 reperiatur?
1151 2318 1228 2374 Tunc
1245 2333 1358 2389 operam
1374 2318 1452 2375 dabit
1470 2329 1503 2376 ut

354 2410 480 2467 conlatas
508 2410 580 2465 inter
605 2424 636 2464 se
666 2408 803 2479 maiorum
829 2409 957 2464 consulat
973 2408 1194 2482 interrogetque
1219 2408 1387 2476 sententias,
1412 2425 1505 2464 corum

354 2502 501 2556 dumtaxat
517 2501 567 2572 qni
583 2499 698 2554 dioensis
717 2499 776 2553 licet
794 2498 959 2568 temporibus
976 2502 1000 2552 ct
1021 2499 1099 2564 locis,
1120 2499 1151 2552 in
1170 2500 1254 2553 unius
1270 2505 1362 2554 tumeat
1379 2500 1507 2557 Ecclesiae

354 2593 492 2648 catholico
508 2591 729 2647 communicasset
744 2591 796 2658 fide
806 2596 994 2659 permanentes
1014 2588 1063 2662 (ad
1079 2589 1140 2645 haec
1156 2590 1303 2645 attendant
1316 2598 1504 2661 protestantes

353 2684 475 2757 theologi
489 2699 496 2738 :
510 2697 565 2738 non
585 2681 652 2737 sinit
661 2689 756 2736 auctor
769 2695 817 2736 eos
835 2687 922 2735 testes
940 2679 1067 2736 advocari
1085 2679 1133 2750 qui
1153 2689 1230 2736 extra
1250 2680 1385 2737 Ecclesiae
1407 2691 1502 2738 exter-

354 2787 420 2828 nam
444 2770 667 2826 communionem
692 2768 796 2825 rersati
825 2765 943 2836 luerint3
968 2771 1068 2826 horum
1096 2785 1160 2844 ergo
1187 2769 1343 2826 doctrinam
1367 2788 1386 2826 a
1408 2774 1506 2843 priori

354 2862 454 2918 falsam
473 2860 590 2935 habet),
605 2861 735 2932 magistri
745 2859 898 2929 probabiles
920 2859 1082 2925 actiterunt,
1097 2867 1125 2914 et
1144 2857 1276 2930 quicquid
1290 2874 1346 2914 non
1367 2876 1441 2916 nnus
1453 2871 1505 2918 aut

356 2951 412 3006 duo
431 2959 555 3017 mnium,
574 2949 624 3006 sed
642 2965 739 3005 omnes
760 2949 865 3020 pariter
886 2964 941 3003 nuo
963 2947 1116 3019 eodemque
1134 2963 1288 3015 consensu,
1308 2958 1420 3020 aperte,
1445 2949 1504 3007 lre-

356 3049 489 3112 quenter,
516 3048 727 3112 perseveranter
752 3039 894 3104 tenuisse,
921 3038 1086 3108 scripsisse,
1115 3038 1245 3095 docuisse
1271 3041 1445 3110 cognoverit,
1473 3041 1505 3098 id

356 3130 411 3186 sibi
432 3145 543 3202 qnoque
565 3129 702 3202 intelligat
722 3128 827 3199 absque
845 3127 902 3182 ulla
921 3125 1093 3182 dubitatione
1113 3126 1283 3181 credendum
1304 3125 1362 3201 (E).
1376 3147 1391 3181 n
1407 3128 1505 3200 ltaque

356 3221 382 3277 si
407 3222 517 3278 nullum
545 3221 574 3275 in
600 3219 765 3291 antiquitate
788 3226 917 3275 occurrat
941 3215 1099 3272 universale
1127 3217 1292 3284 concilium,
1320 3218 1506 3275 consulantur

355 3319 466 3383 oportet
483 3310 612 3367 catholici
628 3310 769 3374 doctores,
787 3305 912 3380 illudque
929 3315 960 3362 ut
975 3322 1073 3363 rerum
1092 3314 1220 3362 teneatur
1237 3307 1311 3378 quod
1323 3307 1358 3362 ab
1372 3308 1418 3363 his
1431 3323 1503 3363 una-

355 3402 424 3457 nimi
437 3417 575 3458 consensu
590 3399 722 3456 traditum
735 3398 830 3455 inerit.

392 3490 500 3558 Quibus
524 3491 564 3546 ita
586 3488 759 3554 constitutis,
783 3487 920 3560 principia
943 3489 1003 3544 haec
1032 3488 1174 3543 illustrare
1197 3486 1502 3545 conaturvincentius

353 3583 490 3655 exemplis
510 3583 546 3638 ab
566 3580 696 3638 Ecclesiae
714 3579 831 3635 historia
848 3579 950 3634 ductis.
970 3577 1095 3634 Primum
1111 3577 1224 3648 quidem
1244 3577 1317 3648 quod
1341 3578 1443 3633 attinet
1465 3577 1503 3634 ad

354 3673 545 3744 probationem
565 3687 600 3728 ex
612 3671 791 3726 universitate
803 3669 932 3741 petitam,
946 3669 976 3724 in
993 3667 1156 3725 memoriam
1172 3676 1283 3724 revocat
1292 3668 1502 3725 Donatistarum

353 3772 472 3831 sectam,
488 3764 536 3836 qui
555 3763 635 3820 nullo
658 3777 725 3818 sane
752 3759 896 3817 molimine
919 3761 949 3815 in
973 3759 1072 3816 erratis
1093 3758 1199 3815 versari
1218 3757 1500 3826 demonstrabantur,

353 3856 428 3926 qnod
450 3853 625 3912 universitati
643 3850 775 3910 Ecclesiae
796 3851 1014 3923 opponebantur.
1035 3849 1107 3918 Quid
1127 3864 1192 3905 vero
1210 3867 1225 3901 n
1239 3849 1263 3904 si
1281 3848 1389 3904 novella
1406 3857 1502 3905 conta-

353 3945 399 4020 gio
418 3954 504 4002 totam
521 3945 673 4004 Ecclesiam
692 3941 893 4002 commaculare
915 3949 1032 4000 conatur
1045 3937 1110 4014 til?
1127 3957 1141 3991 n
1156 3939 1248 4004 Tunc,
1268 3936 1414 3996 deficiente
1434 3936 1500 3992 uni·

386 4117 429 4181 (r)
444 4119 472 4168 c.
487 4121 513 4168 s.

386 4198 429 4263 (s)
441 4199 507 4249 rose.

387 4279 507 4344 (apion.
