3150 5160
202 333 261 392 160
366 346 480 390 anouu.
496 345 655 389 srucuttr.
672 344 884 388 conrtnuarun
899 345 986 389 cnm.
1001 345 1168 391 uurnonus.

198 493 378 567 physicarum
400 493 484 549 rudes
504 500 630 558 exstare,
648 491 735 547 donec
751 506 873 566 congrua
885 490 1016 549 methodo
1032 491 1137 549 fuerint
1151 491 1273 549 instituti
1286 493 1315 568 (1
1325 495 1343 570 l.

199 583 372 654 Quamquam
385 598 442 638 non
457 591 566 638 tautum
584 581 717 637 mundum
731 581 807 636 huuc
822 581 1033 652 aspectabilem,
1047 583 1095 654 qui
1108 592 1220 639 enarrat
1232 582 1345 658 gloriam

199 674 263 740 Dei,
275 673 462 746 conspiciant,
478 672 527 728 sed
542 671 625 726 etiam
644 670 806 727 christianis
823 671 985 742 parentibus
998 681 1112 729 utantur
1124 682 1153 729 et
1167 673 1272 730 idcirco
1285 677 1345 747 plu-

199 764 270 819 rima
280 763 424 836 religionis
437 762 516 837 sigua
527 769 659 832 perpetuo
672 762 706 818 ob
721 762 816 818 oculos
830 761 964 829 habeant,
974 762 1061 819 Deum
1074 773 1168 820 tamen
1181 764 1311 840 ignorant
1320 778 1345 824 et

199 870 232 911 ea
245 855 335 910 solum
348 869 410 924 quae
422 853 451 908 in
469 868 569 910 seusus
583 853 685 909 endunt
697 862 895 924 assequuntur.
912 853 1014 909 llerum
1031 853 1116 910 simul
1131 864 1215 927 atque
1226 871 1345 931 congrua

198 943 318 1000 accessit
333 943 486 1011 institutio,
507 960 552 1000 res
570 960 632 1015 quae
652 960 737 1016 supra
754 959 855 1001 seusus
876 953 1025 1001 versantur
1042 943 1122 1000 facile
1138 944 1299 1011 addiscunt,
1319 957 1346 1004 et

198 1050 279 1092 mens
295 1050 392 1091 eorum
410 1034 545 1091 hactenus
561 1035 703 1106 consopita
721 1035 799 1091 brevi
816 1034 953 1092 excitatur
969 1043 997 1091 et
1011 1051 1093 1108 porro
1113 1035 1259 1092 evolvitur.
1278 1036 1344 1092 llinc

198 1124 283 1180 etiarn
305 1123 450 1180 coniicitur
473 1123 536 1180 ideo
558 1132 665 1178 tantum
688 1139 736 1180 eos
755 1124 805 1179 Dei
824 1134 852 1180 et
874 1124 999 1181 omnium
1017 1140 1111 1180 rerum
1134 1141 1196 1196 quae
1217 1124 1343 1182 sensibus

198 1214 272 1269 haud
292 1213 481 1285 subjiciuntur
496 1214 669 1288 ignoratione
684 1215 786 1282 teneri,
806 1213 878 1287 quod
895 1215 966 1288 ipsis
984 1214 1057 1272 desit
1071 1225 1135 1287 apta
1151 1214 1301 1272 institutio.

234 1306 329 1376 ltaque
346 1305 458 1361 omnino
475 1304 635 1376 expeditum
654 1315 697 1362 est
709 1321 757 1362 eos
774 1305 933 1377 omnesqui
949 1321 982 1362 ex
1000 1320 1175 1378 quocumque
1194 1304 1342 1363 infortunio

197 1394 372 1452 institutione
388 1394 528 1452 caruerint
545 1396 604 1468 pari
621 1396 702 1453 modo
721 1395 871 1454 veritatum
885 1396 1031 1452 moralium
1049 1411 1081 1451 ac
1093 1397 1342 1470 metaphysicarum

198 1486 369 1560 cognitione,
391 1501 445 1557 qua
464 1487 576 1559 proprie
593 1494 702 1543 constat
718 1485 835 1542 rationis
855 1502 939 1553 usus,
960 1485 1109 1543 destitutos
1134 1487 1266 1543 existere.
1287 1485 1341 1554 Quo

199 1576 351 1633 constituto
375 1576 506 1650 praeclare
526 1577 684 1633 illustratur
708 1576 890 1648 firmaturque
907 1591 940 1632 ea
958 1592 1041 1648 quam
1060 1585 1125 1633 ante
1144 1577 1341 1635 declaravimus

199 1675 307 1724 naturae
320 1668 374 1725 lex.

234 1757 317 1815 Aliud
338 1773 420 1831 porro
436 1756 528 1815 afferri
545 1766 637 1830 potest
654 1767 849 1830 argumentum
862 1756 988 1828 ejusdem
1006 1758 1118 1815 theseos
1135 1759 1341 1830 comprobanda

197 1864 282 1905 causa
297 1865 331 1904 ex
350 1864 478 1905 sermone
497 1848 623 1914 ductum,
644 1857 782 1919 quatenus
800 1847 826 1904 is
844 1849 1020 1905 necessarius
1033 1859 1076 1905 cst
1086 1849 1255 1906 notionibus
1263 1860 1341 1907 meta-

197 1940 321 2014 physicis
341 1937 538 2012 exprimendis.
560 1936 697 2006 Quoniam
713 1939 795 1994 homo
815 1937 919 2011 duplici
938 1948 1047 1996 constat
1062 1940 1232 2008 substantia,
1254 1941 1341 1997 anima

197 2041 226 2087 et
235 2047 363 2104 corpore,
377 2031 449 2087 nihil
461 2029 517 2104 agit
530 2044 583 2084 nec
595 2044 676 2102 agere
690 2036 782 2099 potest
795 2029 868 2100 quod
878 2029 963 2100 hujus
973 2029 1093 2102 duplicis
1102 2040 1211 2087 naturae
1225 2031 1340 2088 indolem

197 2138 253 2179 uon
271 2123 364 2195 aliqua
383 2122 490 2179 ratione
511 2119 621 2177 referat.
646 2118 717 2174 Huic
736 2119 821 2192 igitur
839 2119 901 2192 ejus
925 2129 1032 2176 naturae
1050 2121 1203 2178 conditioni
1222 2121 1341 2178 obnoxiae

197 2214 281 2269 etiam
303 2215 360 2269 sint
381 2227 496 2269 necesse
517 2219 562 2267 est
584 2209 673 2282 ipsius
696 2210 798 2266 mentis
820 2211 992 2284 cognitiones
1013 2221 1041 2269 et
1063 2212 1255 2287 cogitationes.
1276 2213 1341 2269 llinc

198 2304 318 2377 cogitare
331 2304 428 2375 nequit
442 2303 509 2374 quin
526 2301 680 2357 intercedat
697 2301 808 2374 signum
821 2303 960 2369 sensibile,-
973 2304 1161 2376 quoniamque
1178 2304 1340 2380 cognitionis

197 2396 328 2466 objectum
340 2395 443 2467 duplex
455 2393 567 2451 omnino
580 2392 719 2460 cernitur,
730 2409 818 2448 unum
831 2394 977 2461 sensibile,
993 2395 1112 2451 alterum
1126 2395 1157 2452 in
1172 2411 1276 2453 sensus
1290 2411 1339 2452 non

197 2488 314 2552 cadens,
338 2486 518 2559 consequitur
536 2486 589 2542 hoc
607 2485 746 2557 posterius
767 2494 889 2541 amente
906 2485 1040 2542 distincte
1058 2486 1165 2558 percipi
1185 2502 1242 2543 uon
1264 2501 1340 2558 posse

197 2579 252 2636 nisi
265 2588 294 2636 et
307 2579 399 2651 ipsum
413 2577 529 2634 formam
542 2576 689 2648 quamdam
703 2575 865 2632 sensibilem
878 2575 1002 2632 induerit
1013 2592 1068 2648 qua
1082 2577 1168 2632 veluti
1181 2577 1338 2641 deliniatur,

196 2678 226 2724 et
250 2671 290 2725 ita
311 2668 464 2725 secundum
490 2676 617 2722 naturam
639 2667 742 2723 mentis
765 2682 881 2738 corpore
906 2666 1012 2723 utentis
1035 2666 1126 2723 eidem
1148 2668 1262 2724 obvium
1287 2667 1338 2723 liat.

197 2759 232 2816 ht
245 2759 333 2817 forma
347 2759 406 2815 baec
423 2758 579 2823 sensibilis,
597 2774 651 2831 qua
665 2774 720 2814 una
733 2757 837 2814 indutae
850 2757 918 2813 ideae
936 2773 1020 2829 supra
1033 2772 1135 2813 sensus
1148 2757 1245 2829 positae
1257 2756 1339 2813 menti

197 2851 268 2906 hene
282 2849 409 2905 visibiles
427 2858 455 2905 et
473 2848 657 2921 aspectabiles
674 2847 870 2914 obversantur,
890 2862 982 2903 sermo
998 2854 1052 2902 est.
1067 2846 1094 2902 ls
1107 2855 1151 2902 est
1170 2862 1274 2915 nexus,
1292 2847 1340 2903 hoc

197 2940 341 2996 vinculum
364 2955 418 3012 quo
444 2939 566 2996 mundus
587 2939 738 2996 invisibilis
764 2940 891 2994 humanae
916 2937 1004 2994 menti
1029 2952 1152 3010 praesens
1175 2946 1203 2994 et
1224 2936 1341 2994 visibilis

197 3030 342 3101 objicitur3
359 3040 442 3103 atque
454 3029 599 3086 deficiente
617 3046 745 3087 sermone
758 3029 841 3086 homo
852 3044 903 3084 nec
920 3027 1021 3084 reilexe
1034 3028 1155 3102 cogitare
1168 3037 1280 3100 posset,
1292 3042 1341 3085 nec

199 3121 330 3180 ueritates
343 3136 359 3174 a
371 3120 500 3176 sensibus
513 3130 633 3178 remotas
648 3136 769 3192 uuquam
779 3135 846 3175 vere
855 3129 883 3175 et
893 3119 1025 3176 distincte
1035 3119 1188 3191 percipere.

235 3209 428 3266 Aretissimam
440 3210 516 3264 illam
535 3211 772 3267 necessitudinem
790 3225 946 3267 sermonem
960 3210 1033 3266 inter
1048 3226 1081 3266 ac
1092 3226 1188 3266 rerum
1200 3209 1230 3266 in
1244 3225 1340 3268 sensus

198 3316 255 3358 non
271 3300 430 3357 cadentium
442 3299 604 3356 distinctam
616 3300 823 3373 perceptionem
840 3308 868 3356 et
886 3316 969 3372 porro
984 3299 1115 3356 rellexam
1132 3299 1339 3373 cogitationem,

198 3392 282 3450 bodie
300 3399 454 3465 agnoscunt
469 3391 629 3462 philosophi
648 3406 758 3456 omnes,
775 3399 911 3463 quotquot
929 3405 990 3446 rem
1006 3389 1099 3462 aliquo
1115 3389 1208 3447 studio
1227 3405 1341 3462 perpen-

197 3483 313 3550 derunt3
328 3498 379 3538 nee
395 3480 541 3538 christiani
561 3482 643 3538 modo
662 3481 822 3554 philosophi
839 3480 909 3536 illud
924 3489 1054 3536 asserunt
1069 3479 1127 3537 lere
1144 3479 1281 3547 universi,
1293 3479 1340 3537 scd

198 3584 227 3631 et
238 3574 416 3632 consentiunt
429 3573 483 3645 ipsi
500 3572 694 3639 rationalistae;
708 3573 746 3628 ita
759 3580 791 3627 nt
807 3571 950 3627 decretum
968 3570 1044 3627 istud
1059 3571 1200 3628 communi
1216 3570 1340 3628 omnium

197 3665 354 3721 scholarum
376 3664 482 3719 calculo
498 3662 556 3732 jam
575 3664 723 3733 probetur,
739 3677 790 3719 nec
810 3661 839 3716 in
857 3661 1074 3718 controversiam
1091 3661 1226 3735 deinceps
1242 3661 1339 3718 adduci

198 3755 254 3811 ulla
270 3756 376 3812 ratione
393 3769 476 3826 posse
487 3752 624 3809 videatur.
637 3753 673 3809 m
686 3768 752 3809 nero
765 3751 813 3824 qui
831 3752 866 3808 ad
882 3761 996 3808 suasmet
1012 3752 1072 3823 ipse
1088 3751 1191 3808 mentis
1204 3751 1340 3823 operatio·

197 3860 248 3901 nes
260 3845 305 3900 nel
320 3843 523 3916 aliquantulum
540 3843 684 3899 attendere
696 3843 831 3910 noluerit,
843 3843 921 3899 brevi
939 3843 1020 3899 istius
1033 3842 1166 3899 doctrinae
1181 3842 1340 3899 firmitatem

196 3943 365 4006 compertam
388 3933 529 4001 habuerit,
549 3949 633 4006 quam
651 3942 783 3990 caeterum
802 3935 846 3990 rel
865 3951 884 3990 a
900 3934 994 4004 priori
1011 3949 1104 3990 veram
1123 3933 1222 3990 suadet
1239 3933 1340 4005 duplex

197 4023 319 4082 hominis
337 4033 437 4079 natura
452 4022 511 4097 (h).
1136 4023 1139 4028 ’

227 4179 273 4245 (1)
292 4179 343 4228 llac
354 4177 381 4228 in
395 4177 484 4244 relegi
497 4186 609 4231 meretur
622 4195 687 4246 opus
702 4177 809 4230 Lovanii
826 4177 924 4229 editum
936 4177 1004 4245 quod
1017 4177 1166 4230 inscribitur
1179 4195 1186 4230 :
1198 4178 1343 4232 ltecltercltec

195 4276 240 4310 ster
255 4263 291 4311 lea
301 4263 489 4311 connaissances
501 4262 684 4312 intellectuelles
695 4263 736 4312 des
748 4262 838 4312 eourdc
849 4267 940 4321 maele,
954 4268 1001 4313 etc.
1015 4261 1130 4313 Louvain
1142 4265 1218 4314 1817.

228 4343 280 4408 (2)
296 4342 413 4394 Mutuum
434 4341 509 4392 illurn
524 4341 569 4408 qui
591 4358 738 4419 sermonem
758 4343 827 4395 inter
842 4351 868 4394 et
891 4341 1010 4394 reflexum
1033 4342 1210 4410 cogitationem
1236 4342 1343 4396 interest
