3166 5168
215 355 255 399 DE
271 355 443 402 nuutotottts
461 357 552 402 statu
571 357 709 402 taurona
729 355 953 403 tuotsult'ltoltls
971 353 1118 401 HOSAiCAE.
1217 342 1236 400 7

96 501 255 560 istiusmodi
270 502 380 559 decreta
399 503 513 570 tradita,
535 519 589 559 non
606 504 663 576 iam
681 505 797 560 traditio
812 509 1003 574 nuncupatur,
1021 500 1070 558 sed
1079 503 1240 559 traditiones

95 600 243 658 uocantum
263 603 373 657 contra,
384 594 408 649 si
422 594 457 650 de
471 593 618 649 traditione
635 594 784 664 subjectiva
802 609 894 650 sermo
910 594 958 658 sit,
977 601 1113 664 quotquot
1129 594 1240 650 tandem

97 682 201 739 luerint
218 684 420 740 communicata
437 684 544 755 capita,
559 699 669 754 semper
682 683 816 757 singulari
829 698 945 738 numero
958 682 1070 738 traditio
1084 684 1117 747 (a
1131 675 1243 751 παραδο-

95 771 150 835 σις)
175 770 291 827 dicenda
313 780 367 827 est.
397 772 521 844 lienique
546 773 659 829 traditio
686 774 738 829 hac
766 773 874 830 ratione
895 782 1005 845 accepta
1026 761 1240 838 (ηπαραδοσῑς),

96 871 179 933 prout
200 862 265 918 vivo
282 872 310 918 et
329 873 442 918 actuoso
463 863 620 935 organismo
640 863 754 934 praedita
774 863 910 929 cernitur,
930 878 1028 933 reapse
1043 877 1100 917 non
1118 860 1241 917 dilierta

96 952 257 1026 magisterio
270 962 384 1010 externo
397 968 430 1009 ac
442 954 566 1024 puhlico;
580 968 747 1025 quamquam
764 961 890 1025 respectu
906 952 1048 1024 paululum
1064 951 1174 1008 diverso
1186 950 1241 1008 duo

97 1042 157 1098 hace
174 1043 343 1100 considerari
363 1053 483 1115 queant,
501 1045 573 1116 quod
600 1054 692 1101 tamen
709 1045 754 1101 hic
772 1044 807 1099 ad
826 1059 886 1099 rem
905 1052 1027 1099 nostram
1047 1041 1242 1098 illustrandam

96 1132 229 1189 adnotare
246 1134 361 1190 minime
379 1143 423 1190 est
441 1149 555 1190 neeesse
574 1133 635 1208 (l).

134 1222 222 1294 igitur
238 1223 267 1278 in
287 1223 391 1294 apertis
408 1224 465 1295 jam
486 1235 612 1281 versatur
631 1224 781 1281 discrimen
801 1222 871 1280 illud
891 1223 964 1296 quod
984 1223 1150 1281 traditiones
1169 1223 1242 1282 iuter

95 1321 125 1370 ct
141 1313 318 1369 traditionem
334 1314 379 1370 vel
395 1315 479 1371 ctiam
497 1315 687 1388 magisterium
706 1324 851 1371 externum
871 1313 1027 1370 intercedit.

133 1401 257 1471 Quodsi
278 1403 305 1458 id
328 1404 414 1475 probe
434 1412 576 1471 teneatur,
598 1405 627 1459 in
650 1413 780 1476 promptu
803 1417 885 1476 porro
907 1403 961 1459 erit
981 1419 1063 1475 quam
1086 1404 1242 1461 arctissima

95 1493 301 1550 necessitudine
319 1509 382 1550 cum
402 1494 561 1568 magisterio
579 1494 702 1569 colligari
720 1505 780 1550 turn
793 1493 965 1565 Scripturas,
980 1502 1040 1548 tum
1059 1493 1135 1565 ipsas
1154 1494 1242 1550 tradi-

95 1582 208 1640 tiones:
226 1599 287 1655 quae
308 1582 484 1641 necessitudo
501 1585 603 1656 saepius
622 1585 813 1658 theologorum
831 1585 927 1641 oculos
948 1583 1052 1658 elingit.
1072 1583 1157 1656 Cujus
1177 1599 1243 1641 sane

95 1673 138 1729 rei
162 1690 245 1731 causa
269 1685 313 1731 est
338 1675 412 1746 quod
431 1675 485 1746 ipsi
504 1676 624 1750 theologi
640 1674 781 1740 catholici,
810 1674 903 1747 pravis
929 1673 1142 1746 protestantium
1170 1673 1244 1730 circa

96 1765 260 1823 traditiones
277 1766 459 1831 christianas,
477 1781 509 1823 co
531 1782 613 1838 quem
632 1765 713 1822 modo
737 1767 946 1823 declarahamus
966 1781 1051 1821 sensu
1074 1765 1243 1834 intellectas,

99 1857 279 1927 opinionibus
302 1868 330 1914 et
352 1858 549 1914 controversiis
571 1858 697 1922 abducti,
724 1859 799 1914 omni
819 1857 911 1915 studio
934 1855 1136 1913 contenderunt
1157 1859 1244 1914 tradi-

94 1946 202 2002 tionum
225 1947 382 2004 istiusmodi
411 1947 587 2004 existentiam
609 1947 812 2016 demonstrare,
840 1948 893 2003 rati
917 1964 976 2004 rem
999 1949 1111 2020 penitus
1133 1948 1243 2015 conlrci,

97 2038 122 2094 si
145 2038 226 2095 modo
248 2039 317 2094 illud
342 2036 431 2093 firmis
454 2038 625 2111 argumentis
652 2047 774 2095 statuere
800 2038 959 2110 potuerint;
989 2039 1064 2094 unde
1088 2039 1189 2095 accidit
1214 2050 1245 2096 ut

99 2129 264 2201 plerumque
282 2144 337 2184 non
355 2127 529 2184 attenderent
545 2128 632 2184 totius
648 2128 843 2184 controversiae
860 2128 1001 2184 cardinem
1017 2128 1046 2183 in
1065 2144 1098 2185 eo
1113 2130 1198 2197 verti,
1214 2139 1247 2187 ut

97 2219 251 2290 ntagisterii
275 2234 291 2273 a
316 2219 426 2277 Christo
451 2220 567 2276 homino
593 2219 714 2276 instituti
738 2217 885 2275 existentia
908 2228 957 2275 aut
982 2218 1065 2275 etiam
1091 2221 1245 2278 necessitas

99 2306 181 2364 iactis
203 2309 328 2366 indubiis
347 2325 380 2366 ac
398 2311 484 2366 certis
505 2310 659 2366 rationibus
676 2309 942 2366 demonstrarentur.
962 2307 1155 2366 Controversia
1172 2311 1246 2368 enirn

12 2440 16 2448 .
99 2414 161 2470 quae
173 2400 324 2456 catholicos
344 2401 418 2456 inter
436 2410 465 2456 et
485 2408 670 2473 protestantes
691 2399 782 2473 agitur
800 2399 833 2455 ad
854 2416 938 2456 unam
958 2400 1031 2456 hanc
1051 2401 1086 2456 de
1104 2402 1247 2475 religionis

102 2489 250 2555 methodo,
272 2506 322 2559 sen
341 2490 483 2547 demedio
502 2506 557 2562 quo
575 2490 673 2564 religio
693 2491 881 2546 conservanda
900 2489 1088 2563 tradendaque
1107 2502 1151 2548 est
1167 2510 1247 2550 revo-

100 2587 194 2646 catnr3
220 2582 334 2653 reliquae
359 2599 439 2648 vero,
462 2599 524 2654 quae
547 2582 575 2638 in
598 2583 720 2638 medium
743 2581 919 2638 adducuntur
944 2586 1111 2655 quaestiones
1136 2603 1246 2656 omnes,

101 2670 136 2726 ab
157 2672 209 2728 hac
226 2674 348 2744 pendent
367 2683 396 2728 et
415 2690 448 2729 ex
465 2673 612 2746 principiis
630 2673 658 2728 in
677 2689 710 2728 ea
728 2673 841 2729 statutis
858 2674 996 2729 solvendae
1014 2685 1089 2730 sunt.

140 2759 235 2830 ltaque
247 2770 358 2816 tantum
369 2802 377 2825 ,
389 2771 421 2816 ut
433 2762 538 2817 adrem
551 2764 700 2834 ineoeptam
714 2764 874 2829 redeamus,
886 2771 999 2834 tamque
1010 2773 1117 2819 arctum
1131 2765 1248 2823 interest

102 2847 243 2904 vinculum
258 2850 421 2905 traditiones
438 2850 512 2905 inter
528 2859 557 2905 et
571 2860 717 2906 externum
733 2851 939 2924 magisterium,
955 2861 985 2908 ut
1000 2853 1052 2908 hoc
1068 2853 1177 2911 sublato
1192 2856 1248 2914 illac

104 2951 214 3008 quoque
226 2938 365 2994 intereant
378 2953 493 2994 neeesse
506 2939 552 2996 sit.
569 2939 681 2996 Scilicet
696 2940 926 3011 quemadmodum
941 2942 1105 3014 Scripturac,
1119 2954 1151 3000 ut
1163 2946 1248 3004 latius

103 3036 198 3098 postca
224 3044 322 3085 sumus
346 3030 567 3101 comprobaturi,
593 3031 647 3086 sihi
675 3031 818 3103 permissae
841 3048 893 3088 nec
917 3043 991 3090 stare
1015 3048 1066 3090 nec
1090 3036 1247 3106 praesertim

102 3115 220 3190 intelligi
235 3128 364 3189 possunt,
382 3120 421 3174 ita
434 3136 485 3176 nec
499 3122 677 3189 traditiones;
690 3131 719 3178 et
732 3122 835 3179 idcirco
850 3140 904 3196 quo
917 3124 1003 3198 gradu
1019 3126 1082 3197 quis
1095 3127 1247 3200 magisterii

103 3208 297 3264 necessitatem
320 3209 349 3264 in
378 3209 529 3283 Scripturis
556 3212 699 3268 servandis
727 3213 941 3284 explanandisve
966 3215 1125 3288 agnoverit,
1150 3216 1248 3272 eodem

103 3297 208 3368 pariter
216 3299 263 3354 uhi
278 3300 312 3356 de
325 3301 520 3358 traditionibus
537 3318 627 3358 sermo
641 3311 683 3359 est
701 3303 826 3359 eamdem
842 3303 960 3360 fateatur
973 3313 1094 3376 oportet;
1112 3306 1155 3360 hae
1169 3322 1248 3362 narn-

102 3403 156 3459 que
172 3388 245 3444 sicut
261 3398 290 3445 et
304 3391 367 3457 illa,
381 3392 404 3447 si
419 3391 493 3448 nude
505 3402 679 3464 spectentur,
693 3409 744 3449 nec
761 3394 836 3465 loqui
851 3409 902 3450 nee
918 3395 1025 3465 seipsas
1039 3393 1111 3449 tueri
1127 3405 1246 3466 queunt;

104 3479 267 3550 quinetiam
286 3482 340 3537 nisi
361 3483 534 3540 auctoritatis
552 3484 610 3540 sale
630 3485 706 3540 velut
722 3485 917 3552 condirentur,
937 3484 1025 3541 multo
1037 3483 1145 3540 facilius
1164 3500 1245 3556 quarn

104 3568 247 3641 Scriptura
265 3587 359 3628 errore
379 3571 477 3629 loedari
496 3589 529 3629 ac
547 3575 686 3647 eorrumpi
706 3582 831 3646 possent.

143 3658 266 3714 Primum
280 3660 375 3733 igitur,
389 3672 420 3719 ut
431 3663 502 3719 ratio
516 3666 655 3735 postulare
667 3664 790 3731 videtur,
804 3664 839 3721 de
852 3664 1011 3738 magisterio
1021 3663 1093 3738 apud
1107 3665 1247 3723 israelitas

106 3749 257 3806 constituto
272 3750 455 3820 disseremus,
474 3750 575 3810 deinde
590 3755 754 3826 inquisituri
772 3763 866 3811 utrum
883 3756 955 3828 apud
979 3757 1055 3829 ipsos
1075 3755 1159 3812 etiam
1177 3758 1247 3812 exti-

107 3841 192 3897 terint
215 3857 267 3897 nce
285 3858 320 3897 ne
340 3844 513 3901 traditiones.

145 3932 246 3989 Notum
268 3943 311 3989 est
331 3949 347 3988 a
369 3935 474 4008 Moyse,
498 3934 545 4006 qui
565 3935 671 4006 primus
692 3934 788 3992 doctor
806 3951 838 3992 ac
855 3935 939 4007 judex
960 3936 1210 3994 controversiarum
1229 3952 1245 3992 a

141 4137 184 4202 (l)
201 4138 239 4188 cl.
264 4139 411 4206 posterioris
434 4141 512 4209 pallis
535 4159 591 4210 cap.
613 4143 648 4204 tt,
671 4141 715 4193 uhi
739 4140 862 4208 copiosior
884 4140 994 4196 habetur
1014 4141 1046 4193 de
1068 4139 1202 4195 traditione
1223 4146 1249 4190 ct

108 4218 289 4272 traditionibus
305 4221 394 4272 oratio.
