3166 5168
334 362 557 408 nntunantsttns
578 363 617 404 nb
638 361 824 406 scaturentia
847 361 867 402 Δ
888 358 985 402 Panto
1010 358 1257 404 nccnnnonart's.
1302 345 1360 403 145

254 509 308 578 Qut
322 509 467 567 historiam
483 508 612 564 biblicam
627 507 680 563 rite
693 521 859 580 cognoscere
868 505 958 576 cupit,
972 504 1112 575 inprimis
1126 506 1210 576 probe
1223 505 1362 563 discernat

217 617 332 657 necesse
345 611 388 657 est
405 601 509 669 foetum
524 599 616 670 ipsum
631 614 646 652 a
655 598 764 668 judicio
784 595 855 666 quod
868 595 902 651 de
915 611 947 651 eo
961 595 1047 651 latum
1060 597 1170 668 legitur.
1184 598 1297 653 Factum
1312 614 1363 654 au-

218 702 275 748 tem
289 691 374 747 Paulo
388 690 471 746 estid
485 705 567 746 omne
581 688 654 760 quod
669 703 843 759 quocumque
856 687 937 744 modo
950 687 1056 757 experti
1072 695 1137 742 sunt
1150 686 1169 741 ii
1183 688 1229 758 qui
1243 688 1363 759 alicujus

218 792 334 838 eventus
348 781 497 853 participes
513 778 605 845 iocre;
618 778 754 850 judicium
767 793 834 833 vero
848 777 951 832 dicitur
963 777 1034 832 ratio
1051 791 1104 847 qua
1121 775 1205 832 iidem
1221 777 1361 846 homines,

216 883 265 929 ant
284 875 368 929 etiam
386 872 433 944 qui
453 872 493 927 rei
512 881 596 944 gestae
616 887 670 926 non
690 869 877 926 interfuerunt
901 879 1058 924 narratores
1078 867 1180 924 iactum
1200 870 1364 929 intellexere

218 975 302 1036 atque
323 980 356 1020 cx
379 962 566 1035 peculiaribus
590 961 683 1017 causis
706 962 887 1033 explicavere.
915 960 1001 1015 Porro
1024 959 1048 1015 is
1070 967 1114 1015 est
1136 958 1199 1016 iacti
1219 970 1247 1018 et
1266 962 1364 1033 judicii

217 1071 321 1121 nexus,
337 1066 367 1110 ut
384 1053 513 1126 perfacile
533 1053 754 1124 permisceantur
772 1066 805 1107 ac
821 1049 1024 1107 confundantur
1041 1049 1069 1103 in
1088 1058 1178 1105 mente
1192 1059 1251 1105 turn
1269 1068 1364 1108 eornm

217 1147 263 1216 qui
285 1155 400 1201 eventus
423 1160 486 1216 pars
510 1143 640 1210 extitere,
660 1151 721 1198 tum
741 1150 915 1197 narratorum
935 1149 963 1194 et
988 1139 1184 1194 historicorum
1203 1140 1250 1211 qui
1270 1151 1364 1212 postea

218 1245 380 1300 occurrunt,
398 1235 437 1290 ita
457 1234 569 1305 quidem
590 1242 620 1288 ut
638 1232 775 1304 judicium
793 1249 809 1286 a
827 1231 898 1286 lacto
921 1245 976 1286 non
999 1229 1119 1300 amplius
1138 1231 1245 1285 secerni
1267 1240 1361 1300 queat,

217 1336 245 1383 et
267 1327 327 1399 pari
349 1325 450 1380 fidncia
471 1326 552 1381 ambo
579 1324 662 1380 simul
688 1324 820 1394 deinceps
843 1330 991 1377 narrentur
1015 1330 1098 1390 atque
1122 1319 1302 1390 accipiantur.
1325 1321 1363 1378 Ea

217 1430 312 1469 rerum
332 1412 468 1477 conlusio,
484 1413 576 1485 inquit
596 1422 704 1479 auctor,
719 1413 838 1467 maxime
856 1420 971 1483 apparet
990 1410 1018 1464 in
1036 1409 1115 1465 libris
1143 1409 1284 1467 historicis
1301 1412 1365 1468 novi

218 1505 403 1568 Testamenti,
416 1513 444 1560 et
456 1506 526 1560 ratio
540 1503 569 1558 in
587 1513 715 1575 promptu
731 1511 792 1558 est:
809 1518 862 1573 qua
877 1503 951 1557 enim
967 1510 1046 1557 aetate
1057 1500 1140 1555 lesus
1156 1500 1242 1555 uitam
1254 1501 1365 1573 agebat,

218 1596 244 1651 is
258 1604 317 1650 erat
330 1595 474 1650 hominum
491 1595 614 1658 animus,
631 1593 690 1648 baec
702 1593 876 1665 proclivitas,
891 1602 922 1648 ut
937 1592 1020 1647 simul
1033 1600 1116 1661 atque
1129 1606 1188 1646 rem
1201 1592 1366 1663 stupendam

218 1685 307 1741 oculis
324 1695 483 1752 cernerent,
502 1700 614 1741 causam
636 1684 696 1754 ejus
711 1683 833 1739 divinam
851 1699 914 1739 mox
928 1683 1118 1738 decernerent.
1134 1683 1228 1752 ltaque
1245 1699 1277 1739 eo
1295 1700 1366 1755 prae-

217 1777 299 1848 cipue
324 1776 491 1832 contendere
513 1774 596 1830 debet
621 1775 785 1848 theologuS,
808 1773 913 1844 quide
938 1772 1018 1828 iactis
1045 1772 1179 1843 inquirit,
1204 1781 1234 1827 ut
1255 1790 1365 1832 summo

218 1866 311 1921 studio
328 1866 432 1922 iactum
449 1865 577 1938 sejungat
595 1867 630 1921 ab
652 1865 795 1922 hominum
816 1866 899 1922 istius
917 1865 984 1928 aevi,
1003 1864 1105 1934 quibus
1124 1864 1287 1931 involvitur,
1304 1866 1365 1937 opi-

220 1956 350 2013 nionibus
369 1968 396 2013 et
416 1956 538 2027 judiciis.
561 1956 696 2024 Quoniam
718 1966 812 2011 antem
834 1956 880 2012 hic
900 1955 955 2010 alia
973 1955 1053 2010 deest
1074 1954 1170 2025 purior
1189 1954 1311 2011 narratio
1330 1956 1365 2012 ad

219 2047 301 2117 cujus
321 2063 445 2103 normam
468 2047 651 2120 evangelistas
675 2047 785 2119 exigere
808 2046 902 2112 liceat,
925 2054 1008 2115 atque
1029 2045 1068 2100 ita
1091 2045 1272 2100 secretionem
1294 2045 1366 2102 hanc

218 2137 341 2203 edicere,
359 2153 474 2193 necesse
492 2146 535 2194 est
558 2147 588 2192 ut
608 2137 745 2208 interpres
764 2134 907 2206 fingendo,
931 2149 1014 2204 qnam
1033 2132 1277 2189 vehementissima
1296 2134 1366 2190 ima-

218 2228 373 2301 ginatione,
393 2228 447 2283 sibi
466 2229 500 2284 ob
523 2228 618 2284 oculos
637 2235 720 2297 ponat
743 2224 930 2294 modumque
953 2239 998 2279 res
1022 2224 1181 2297 contingere
1210 2225 1365 2295 potuerint,

218 2317 315 2388 sicque
340 2318 495 2393 recogitans
517 2334 570 2389 qua
596 2317 703 2373 ratione
730 2315 925 2371 convenienter
951 2313 1021 2369 ideis
1046 2322 1112 2369 tnnc
1138 2315 1220 2387 vulgo
1246 2316 1366 2387 receptis

218 2407 357 2479 ejusmodi
381 2420 458 2482 gesta
486 2408 613 2466 exornari
638 2406 796 2471 debuerint,
816 2406 943 2477 suppleat
961 2404 1021 2476 ipse
1040 2406 1226 2461 narrationem
1246 2406 1367 2461 circnm-

219 2500 336 2555 stantias
351 2499 531 2557 adsciscendo
545 2515 614 2571 quas
629 2499 730 2570 saepius
744 2497 873 2567 scriptor,
888 2505 1000 2567 propter
1011 2511 1074 2550 enm
1088 2511 1169 2565 quem
1187 2494 1367 2565 profitebatur

219 2593 536 2662 supernaturalismnm,
554 2591 692 2654 omiserit,
711 2598 793 2659 atque
812 2589 864 2643 hoc
884 2587 996 2641 demum
1017 2593 1096 2656 pacto
1116 2594 1282 2655 assequatur
1300 2585 1366 2656 qnid

220 2695 318 2749 reapse
336 2681 483 2746 acciderit,
504 2680 571 2749 qnid
589 2679 713 2734 additum
731 2676 823 2732 inerit.

264 2770 304 2822 En
326 2785 388 2839 qnae
411 2770 514 2824 Panlns
538 2768 641 2838 ubique
664 2767 839 2822 commendat
860 2771 997 2836 praecepta
1019 2763 1228 2827 naturalistica,
1251 2779 1366 2836 quaeque

221 2856 283 2928 ipse
301 2866 361 2913 turn
381 2857 409 2912 in
430 2873 481 2913 suo
501 2857 714 2922 commentario,
728 2864 787 2910 tum
808 2855 836 2908 in
856 2854 925 2908 libro
945 2851 1049 2906 devita
1066 2851 1132 2907 lesu
1152 2860 1285 2923 perpetuo
1306 2868 1366 2908 sec-

226 2955 310 3001 tatur.

259 3035 498 3107 Supervacaneum
515 3038 586 3094 duco
605 3037 634 3094 in
653 3036 773 3092 medium
789 3049 887 3091 vocare
903 3033 1102 3104 explicationes
1124 3048 1193 3104 quas
1213 3049 1367 3091 accommo-

221 3127 285 3183 date
297 3128 331 3183 ad
349 3144 382 3184 ea
399 3127 509 3185 decreta
525 3128 638 3199 subjicit
651 3129 724 3184 cirea
742 3127 875 3183 miracula
889 3140 949 3197 qnae
963 3126 991 3180 in
1006 3123 1162 3198 Euangeliis
1177 3132 1367 3180 recensentur.

221 3217 339 3273 Multum
359 3219 441 3275 sudat
457 3228 554 3276 auctor
572 3227 602 3274 nt
622 3220 775 3291 praecipuas
793 3222 857 3277 uitae
880 3220 984 3277 Christi
1007 3219 1231 3275 circumstantias
1251 3218 1368 3289 ejusque

222 3312 354 3381 praeclara
371 3326 403 3366 ac
422 3310 515 3366 divina
531 3321 608 3384 gesta
623 3311 660 3366 ita
678 3310 888 3381 interpretetur,
908 3319 938 3365 ut
955 3311 988 3366 ab
1007 3311 1062 3376 eis,
1078 3325 1128 3381 pro
1144 3309 1286 3364 historicis
1303 3308 1369 3364 licet

224 3399 342 3468 habitis,
357 3402 543 3459 characterem
557 3418 611 3473 quo
625 3399 742 3456 nimium
756 3401 862 3474 iulgent
875 3401 1112 3471 supernaturalem
1127 3407 1275 3455 removeat.

265 3491 416 3548 Veritatem
438 3493 541 3565 quippe
564 3493 725 3548 historicam
750 3491 962 3566 Evangeliorum
989 3491 1067 3546 firmo
1090 3490 1183 3546 animo
1208 3496 1320 3556 tuctur,
1342 3497 1371 3546 at

225 3583 308 3639 simul
325 3585 432 3639 nullum
451 3601 505 3641 non
525 3594 616 3640 movet
634 3584 753 3656 lapidem
767 3593 798 3640 nt
815 3600 846 3640 ea
860 3583 935 3639 omni
952 3583 979 3638 vi
997 3582 1104 3650 diuina,
1119 3583 1194 3638 omni
1213 3582 1370 3638 interventu

226 3675 333 3732 coelesti
357 3690 472 3746 prorsus
492 3683 582 3730 exuat.
606 3675 678 3730 llinc
698 3676 831 3732 miracula
849 3674 957 3730 nomini
979 3689 1054 3729 nunc
1078 3688 1169 3729 meros
1192 3670 1370 3744 benignitatis

226 3774 305 3821 actus
326 3765 423 3830 habet,
445 3782 518 3822 nunc
537 3782 568 3823 ea
588 3767 711 3824 scientiae
730 3783 813 3839 qnam
838 3761 965 3823 calluerit
983 3763 1141 3821 medicinali
1166 3763 1275 3830 tribuit,
1295 3779 1369 3820 nunc

227 3866 319 3912 autern
338 3856 466 3912 seeundae
485 3856 612 3913 fortunae.

265 3947 359 4018 ltaque
378 3962 410 4003 eo
432 3948 542 4003 tandem
567 3947 681 4004 adduxit
700 3947 815 4003 Paulum
835 3955 863 4002 et
879 3947 1001 4018 reliquos
1021 3945 1068 4017 qui
1094 3960 1157 4000 curn
1183 3943 1243 4017 ipso
1265 3944 1370 3999 iaciunt

235 4118 297 4176 lieu,
314 4116 357 4167 bd.
372 4117 394 4178 1,
410 4116 481 4168 abth.
499 4118 520 4180 l,
538 4135 564 4186 p.
579 4123 596 4169 t
613 4135 668 4186 sqq.
680 4115 780 4168 -vid
795 4117 908 4179 Strnnss,
921 4134 936 4168 a
949 4133 1000 4184 quo
1011 4115 1078 4167 hanc
1090 4115 1277 4185 principiorum
1296 4112 1370 4163 Pauli

229 4199 355 4265 analysim
367 4200 418 4252 iere
429 4217 518 4253 sumus
530 4202 641 4253 mutuati
652 4217 659 4251 τ
675 4204 716 4253 Vie
727 4202 756 4251 de
767 4200 852 4262 Jecur,
863 4203 973 4252 traducite
983 4202 1012 4252 tle
1024 4201 1169 4253 l'ollemnud
1177 4199 1264 4262 porb'.
1278 4194 1368 4279 bittrd,

230 4283 314 4343 Paris,
327 4287 406 4345 1839,
419 4293 479 4337 tom.
493 4285 516 4345 l,
530 4287 636 4346 latrem,
649 4283 664 4350 S
676 4284 722 4346 Vl,
735 4299 760 4352 p.
774 4287 815 4337 30.
