3166 5168
404 371 653 416 aucronrrarrsa
669 369 796 415 cunrsro
810 371 946 416 conurrrn
961 372 1158 419 orcnursuus.
1297 359 1355 420 l8l·
1413 350 1416 355 ’

214 529 343 578 constare
356 535 419 575 cum
432 519 506 575 Petri
525 533 686 574 successore
702 517 867 589 conjunctis.
881 516 1017 585 Quoniam
1034 535 1135 592 nempe
1147 521 1247 576 Petrus
1260 521 1357 578 Eccle-

215 609 266 665 siae
278 607 487 664 fundamentum
500 625 516 663 a
528 607 644 664 Domino
657 609 825 665 constitutus
840 617 897 675 est,
911 610 1034 666 Romano
1050 609 1190 675 Pontifici,
1205 610 1253 681 qui
1266 610 1357 667 eidem

215 699 364 764 successit,
383 699 540 755 adhaereanr
563 714 677 755 necesse
700 708 743 755 est
768 698 869 771 reliqui
892 699 1028 772 episcopi;
1052 716 1133 756 secus
1153 701 1360 757 disturbaretur

215 799 245 847 et
256 801 396 846 corrueret
407 789 531 846 diuinum
544 788 649 845 Christi
661 789 818 845 aedificium.
832 789 904 845 Hinc
916 789 955 845 ait
970 788 1123 846 Concilium
1139 790 1332 847 Florentinum
1348 807 1356 846 τ

217 897 234 932 «
247 879 315 934 ltem
337 879 485 936 delinimus
507 888 629 935 sanctam
649 880 829 951 apostolicam
847 880 955 946 sedem,
975 889 1003 935 ει
1022 880 1176 936 Romanum
1194 880 1357 936 Pontificem

216 969 245 1025 in
260 969 422 1025 uniuersum
439 970 535 1025 orbem
559 979 654 1025 tenere
671 970 839 1041 primatum,
856 979 884 1025 et
906 970 998 1042 ipsum
1021 970 1183 1027 Pontificem
1203 973 1359 1028 Romanum

217 1075 407 1115 successorem
429 1075 492 1116 esse
512 1059 586 1115 beati
604 1060 679 1115 Petri
702 1060 837 1132 principis
855 1059 1066 1132 Apostolorum,
1090 1070 1118 1117 et
1138 1077 1235 1119 verum
1255 1061 1359 1119 Christi

216 1150 362 1216 vicarium,
378 1151 518 1221 totiusque
537 1151 667 1207 Ecclesiae
686 1160 811 1222 caputet
827 1152 950 1207 omnium
970 1151 1187 1207 christianorum
1207 1160 1314 1223 patrem
1331 1159 1360 1207 ει

218 1242 358 1296 doctorem
371 1242 502 1306 existere3
517 1250 544 1297 ει
557 1242 610 1312 ipsi
623 1242 652 1296 in
668 1243 749 1298 beato
763 1243 844 1298 Petro
860 1242 1005 1314 pascendi,
1019 1242 1131 1317 regendi
1146 1251 1174 1298 et
1186 1240 1359 1315 gubernandi

217 1330 401 1386 universalem
419 1332 571 1387 Ecclesiam
584 1348 599 1387 a
612 1332 728 1388 Domino
747 1341 841 1388 nostro
854 1333 919 1388 lesu
936 1331 1049 1389 Christo
1068 1332 1176 1405 plenam
1195 1340 1359 1404 potestatem

217 1419 346 1475 traditam
360 1435 435 1487 esse,
449 1421 679 1492 quemadmodum
694 1423 776 1477 etiam
796 1422 824 1477 in
837 1422 922 1495 gestis
935 1423 1168 1479 oecumenicorum
1180 1423 1360 1479 conciliorum

218 1510 288 1566 etin
302 1510 388 1566 sacris
402 1511 554 1567 canonibus
568 1512 725 1567 continetur
740 1509 803 1584 (l).
818 1531 832 1563 u

253 1600 490 1668 Quemadmodum
508 1601 632 1674 Apostoli
650 1602 679 1656 in
699 1601 859 1658 erudiendis
878 1615 910 1657 ac
931 1600 1121 1658 instaurandis
1145 1602 1256 1675 populis
1281 1599 1360 1657 vices

219 1692 322 1749 Christi
337 1693 481 1766 gerebant,
495 1692 533 1747 ita
547 1701 574 1747 et
587 1691 719 1763 episcopi.
734 1693 866 1747 Doctores
879 1707 910 1747 ac
920 1691 1005 1747 duces
1022 1691 1166 1746 hominum
1180 1700 1261 1759 sunt,
1276 1699 1361 1760 atque

219 1783 249 1837 in
263 1783 304 1838 eis
317 1783 432 1838 sormam
450 1790 592 1836 externam
611 1798 643 1837 ac
660 1782 809 1836 humanam
829 1781 918 1836 induit
934 1781 1085 1837 auctoritas
1103 1781 1150 1837 illa
1165 1798 1247 1853 quam
1259 1779 1361 1835 visibi-

218 1871 288 1937 lem,
308 1887 405 1938 unam,
425 1871 605 1939 catholicam,
626 1872 841 1928 indefectibilem
860 1871 1088 1943 infallibilemque
1112 1888 1195 1943 supra
1219 1878 1359 1927 monstra-

218 1964 320 2021 uimus.
338 1965 390 2019 Per
405 1963 500 2019 orbem
517 1964 677 2019 universum
691 1964 825 2035 dispersi,
840 1966 871 2019 ira
890 1964 1047 2019 uniomsom
1065 1963 1139 2019 enim
1154 1971 1256 2019 terrum
1272 1963 1361 2018 coivit

219 2072 301 2112 sonus
322 2071 416 2110 eorum
433 2061 457 2110 rt
476 2056 507 2109 io
524 2057 591 2123 fines
609 2056 682 2112 orbis
706 2064 784 2111 terrm
805 2056 887 2112 uerba
913 2071 1006 2111 eorum
1026 2053 1091 2129 (Ξ),
1115 2057 1144 2111 in
1163 2070 1249 2110 unum
1268 2062 1361 2108 tamen

219 2162 320 2219 corpus
339 2146 497 2201 coalescunt
518 2155 600 2218 atque
622 2156 735 2203 externo
760 2145 964 2201 communionis
989 2146 1100 2202 vinculo
1123 2146 1304 2219 colligantur3
1334 2150 1362 2200 et

219 2235 272 2290 hac
285 2235 391 2291 ratione
409 2235 568 2292 manisfesta
586 2237 709 2293 cernitur
725 2236 821 2315 unitas
839 2237 887 2291 illu
904 2235 939 2291 de
957 2251 1011 2308 qua
1030 2251 1186 2293 sermonem
1202 2244 1266 2291 ante
1278 2235 1361 2291 insti·

220 2329 336 2383 tuimus.

256 2416 440 2485 Quamobrem
462 2418 509 2490 qui
532 2416 579 2474 isti
601 2418 793 2491 episcoporum
819 2417 926 2490 corpori
949 2434 1004 2474 non
1031 2417 1162 2482 inhaeret,
1184 2415 1232 2489 qui
1256 2416 1290 2472 ab
1315 2413 1362 2471 his

219 2510 333 2565 avulsus
353 2517 409 2576 est,
430 2510 455 2564 is
472 2525 487 2564 a
506 2525 570 2566 vera
594 2509 716 2565 Ecclesia
734 2508 858 2575 aberrat,
882 2507 1004 2579 adeoque
1021 2523 1037 2563 a
1056 2507 1167 2564 Christo
1187 2506 1295 2560 alienus
1317 2510 1362 2558 est

220 2616 271 2655 nec
289 2601 374 2655 Deum
394 2608 500 2670 patrem
518 2599 617 2666 habet,
635 2609 665 2654 ut
683 2599 772 2654 aiebat
789 2598 816 2654 S.
837 2598 1000 2671 Cyprianus.
1020 2598 1092 2653 ilinc
1110 2596 1137 2652 S.
1156 2595 1292 2670 lgnatius,
1312 2591 1361 2664 qui

220 2697 354 2759 perpetuo
370 2688 500 2743 Ecclesiae
517 2688 708 2742 auctoritatem
727 2689 755 2743 in
774 2696 902 2744 concreto
924 2686 1052 2760 respicit,
1077 2685 1244 2743 creberrime
1260 2682 1362 2754 praedi-

220 2786 265 2833 cat
277 2776 407 2831 omuibus
426 2791 490 2830 cum
508 2775 637 2847 episcopo
656 2777 884 2832 consentiendum
904 2793 966 2834 esse
988 2777 1042 2832 nisi
1061 2777 1146 2832 velint
1167 2776 1201 2831 ab
1223 2775 1284 2846 ipso
1305 2774 1364 2830 Deo

221 2875 250 2921 et
271 2865 382 2921 Christo
404 2864 521 2922 deficere
542 2881 549 2922 :
574 2865 756 2937 «Quotquot,
777 2866 880 2938 inquit,
901 2867 950 2923 llei
969 2876 996 2923 ει
1014 2868 1079 2923 lesu
1102 2865 1205 2922 Christi
1225 2872 1306 2932 suut,
1333 2862 1363 2918 hi

221 2965 287 3014 sunt
316 2973 378 3013 cum
401 2957 531 3028 episcopo
554 2954 849 3030 (hp—Manifestum
876 2967 919 3014 est
942 2958 1015 3029 quod
1041 2956 1201 3029 episcopum
1224 2954 1364 3027 respicere

221 3056 347 3119 oporteat
360 3056 392 3103 ut
412 3048 503 3120 ipsum
523 3049 669 3104 Dominum
691 3046 800 3122 (d).-
813 3048 979 3105 Studeamus
998 3048 1129 3120 episcopo
1146 3063 1201 3104 non
1215 3046 1362 3111 resistere,

221 3146 252 3194 ut
264 3137 352 3194 simus
365 3137 484 3209 subjecti
497 3139 552 3194 Deo
570 3136 729 3212 (sp—Uni
742 3139 927 3211 comparuerit
939 3138 1101 3210 episcopus,
1114 3137 1153 3193 ibi
1166 3145 1194 3193 et
1206 3136 1355 3194 multitudo

222 3229 274 3295 sit;
291 3228 522 3300 quemadmodum
546 3229 593 3284 ubi
611 3228 693 3285 luerit
714 3228 843 3286 Christus
864 3228 961 3296 lesus,
984 3228 1023 3284 ibi
1050 3227 1184 3283 catholica
1202 3234 1245 3282 est
1263 3227 1360 3282 Eccle-

222 3319 277 3374 sia.
289 3361 314 3374 ..
337 3321 384 3391 qui
403 3321 520 3376 honorat
536 3320 710 3392 episcopum,
731 3320 818 3375 abeo
835 3320 987 3376 honoratus
1006 3327 1058 3374 est.
1080 3317 1132 3385 Qui
1151 3319 1222 3372 clam
1236 3317 1367 3388 episcopo

221 3409 327 3481 aliquid
342 3412 411 3483 agit,
428 3410 536 3466 diabolo
555 3419 667 3482 praestat
681 3409 845 3481 obsequium
860 3407 918 3482 (6).
934 3428 949 3460 u
962 3439 1000 3448 -
1010 3407 1068 3464 Una
1090 3407 1174 3478 igitur
1193 3406 1364 3477 conspicitur

222 3500 359 3566 Ecclesia,
378 3500 451 3570 quod
471 3517 559 3555 unum
578 3509 621 3557 est
638 3500 831 3572 episcoporum
843 3514 943 3571 corpus
962 3514 1011 3571 per
1027 3496 1189 3554 universum
1202 3497 1298 3553 orbem
1311 3496 1365 3553 dii-

224 3589 326 3645 susum.

261 3681 347 3736 Porro
370 3678 562 3751 episcoporum
583 3688 626 3737 est
648 3679 765 3751 Christi,
791 3683 872 3755 cujus
896 3683 972 3740 vices
998 3681 1143 3755 supplent,
1169 3676 1365 3758 revelationem

256 3865 299 3932 (1)
317 3864 394 3916 Hand.
406 3870 467 3916 Aeto
481 3867 567 3916 concil.
580 3873 642 3918 tom.
655 3868 701 3931 lx,
714 3884 741 3936 p.
753 3872 810 3920 423.

257 3948 300 4014 (2)
318 3952 360 3999 Ps.
374 3951 415 3999 18.

256 4031 300 4096 (ὅ)
318 4033 398 4094 Epist.
413 4033 445 4081 ud
456 4031 611 4095 Ptotauctpu.
624 4047 645 4082 c.
658 4036 682 4082 2.

257 4114 302 4176 (4)
318 4116 397 4176 Epist.
410 4114 444 4161 orl
455 4115 541 4176 Ephet.
556 4128 578 4162 c.
593 4117 617 4163 6.

258 4191 301 4256 (5)
322 4194 385 4243 ibid.
399 4209 421 4243 c.
439 4198 462 4243 b.

256 4276 302 4341 (6)
319 4279 398 4342 Epiri.
415 4278 449 4327 od
459 4280 560 4345 Smyrn.
573 4294 595 4328 c.
608 4281 633 4329 9.
