3150 5160
350 323 390 382 ll
432 337 470 380 nn
491 336 530 382 us
550 334 695 379 curamus
716 334 770 391 ont
791 332 863 379 rosr
885 333 973 377 nvuu
997 331 1200 378 trosronrcou
1222 332 1386 379 ruonuenn.

348 500 397 551 ea,
410 484 483 555 quod
497 483 531 539 ad
544 480 745 539 Tertullianum
759 480 872 547 attinet,
886 480 938 536 sub
950 479 1044 551 judice
1061 488 1194 537 maneret.
1207 479 1255 548 ht,
1269 489 1300 536 ut
1311 480 1368 552 jana
1380 483 1494 539 monui·

348 591 430 640 mus,
454 590 509 629 non
531 571 697 644 polemicum
711 571 808 638 modo,
828 570 878 626 sed
896 578 924 626 et
942 569 1126 643 dogmaticum
1146 569 1304 643 theologum
1322 571 1446 644 agimus,
1464 582 1494 629 et

348 661 452 716 idcireo
465 659 629 715 Tertulliani
642 667 762 714 mentem
777 659 858 731 paulo
872 658 960 715 lusins
974 659 1102 732 persequi
1114 659 1238 731 juvabit,
1253 660 1491 733 quandoquidem,

348 766 394 806 me
404 749 514 820 judice,
528 749 592 805 inde
610 748 760 819 plurimum
778 764 902 804 crescere
915 758 943 805 et
956 750 1117 822 amplificari
1139 751 1226 822 possit
1243 751 1388 826 theologiae
1406 752 1495 824 patri-

348 842 482 897 monium.
500 839 646 895 Enimvero
666 839 695 893 in
712 838 874 894 Tertulliani
896 840 1008 912 scriptis
1028 840 1178 912 praeclarus
1195 840 1317 911 prolecto
1331 850 1494 898 controver-

349 931 398 986 siae
413 929 553 1003 profectus
570 928 703 984 cernitur.
724 927 815 994 Quum
832 937 929 984 autum
949 927 1088 1001 proiectus
1105 928 1145 996 is,
1160 944 1243 1000 quem
1257 929 1334 996 dieo,
1352 930 1494 1001 praecipue

349 1018 377 1074 in
397 1036 480 1092 opere
496 1019 530 1075 de
544 1019 752 1090 Proscriptioee
771 1019 973 1091 conspiciatur,
993 1019 1054 1075 ideo
1075 1034 1107 1074 cx
1126 1019 1179 1074 hoc
1205 1027 1313 1075 tantum
1326 1019 1493 1076 Tertulliani

348 1109 421 1165 circa
434 1109 626 1165 auctoritatem
644 1118 672 1164 et
691 1124 806 1164 examen
824 1111 960 1182 privatum
974 1109 1128 1164 doctrinam
1148 1108 1267 1164 eliciam.

384 1199 420 1255 Ut
434 1213 514 1270 porro
533 1199 577 1253 vel
591 1213 606 1252 a
620 1199 716 1254 limine
734 1199 908 1255 tractatIonis
925 1200 1010 1271 probe
1023 1208 1119 1254 teneas
1132 1198 1161 1254 in
1181 1215 1234 1271 quo
1248 1198 1400 1270 proiectum
1414 1199 1494 1257 hunc

349 1289 442 1346 inesse
456 1290 589 1356 sentiam,
603 1289 649 1344 hic
658 1290 715 1361 jam
730 1290 758 1346 in
773 1290 932 1345 universum
947 1290 1035 1346 dicam
1050 1289 1114 1360 qnid
1129 1290 1215 1363 egerit
1227 1290 1424 1346 Tertullianus,
1438 1290 1494 1364 lgi-

350 1381 439 1436 turin
453 1380 558 1453 duplici
571 1381 747 1451 potissimum
761 1381 850 1452 eapite
868 1381 935 1436 mihi
956 1389 1088 1452 praestare
1101 1379 1209 1434 videtur
1222 1390 1318 1434 auctor
1335 1379 1369 1435 iis
1384 1379 1432 1451 qui
1445 1396 1494 1436 su-

349 1471 453 1543 periori
471 1480 551 1526 aetate
564 1470 682 1526 ssoruere
697 1488 703 1527 :
718 1471 747 1526 in
771 1473 924 1537 haereseos,
939 1471 1067 1543 inquam,
1082 1485 1211 1543 germana
1224 1484 1256 1524 ae
1274 1468 1365 1523 nativa
1382 1469 1492 1535 indole,

355 1561 419 1617 fidei
441 1577 555 1632 prorsus
575 1561 704 1626 adversa,
725 1561 910 1636 depingenda,
929 1569 957 1618 et
975 1562 1004 1615 in
1024 1559 1174 1617 evolvendo
1193 1559 1324 1631 praeclaro
1343 1559 1391 1615 illo
1410 1575 1494 1634 argu-

350 1662 445 1708 mento
466 1652 540 1724 quod
561 1654 780 1723 prescriptionis
801 1653 930 1724 appellat.
952 1652 982 1706 ln
1003 1666 1034 1707 eo
1057 1659 1183 1708 versatur
1202 1657 1395 1723 argumentum
1424 1650 1493 1718 hoc,

351 1752 381 1798 ut
402 1742 513 1798 dicatur
530 1757 702 1815 nequaquam
717 1758 786 1814 opus
805 1759 867 1798 esse
880 1741 1075 1798 haereticorum
1088 1740 1242 1796 doctrinam
1261 1739 1432 1811 perpendere
1444 1751 1495 1797 ant

351 1831 469 1887 examini
484 1832 621 1903 subjicere
634 1841 662 1888 et
681 1833 719 1889 ita
732 1833 892 1908 singulatim
906 1832 1048 1896 refellere,
1069 1831 1117 1887 sed
1131 1840 1163 1886 ut
1175 1847 1193 1885 a
1204 1831 1295 1900 priori
1309 1830 1376 1886 lalsa
1389 1830 1493 1886 hahea-

351 1932 408 1985 tur,
428 1923 501 1994 quod
521 1923 574 1994 ipsi
594 1923 657 1979 novi
675 1924 733 1980 sint
749 1924 871 1995 adeoque
890 1922 1029 1996 peregrini
1042 1930 1069 1978 et
1082 1937 1097 1976 a
1111 1921 1236 1977 veritatis
1256 1921 1377 1992 antique
1387 1939 1493 1992 porsec-

350 2015 424 2068 sioee
433 2013 533 2081 alieni,
544 2015 610 2070 dum
624 2023 719 2070 contra
730 2014 895 2087 jampridem
907 2013 1000 2085 quiete
1013 2020 1041 2067 et
1050 2011 1199 2083 tranquille
1210 2012 1346 2081 possideat
1357 2011 1491 2068 Ecclesia.

385 2105 475 2160 Antea
498 2106 610 2176 quidem
635 2104 709 2160 idem
733 2113 925 2178 argumentum
947 2101 1020 2175 apud
1044 2101 1201 2173 superiores
1221 2103 1317 2157 Patres
1340 2100 1397 2172 jam
1420 2103 1493 2159 vidi-

352 2211 430 2263 mus,
450 2195 552 2268 quippe
567 2195 613 2266 qui
627 2194 820 2250 haeretieorum
839 2193 948 2249 decreta
966 2191 1097 2247 damnant
1113 2191 1184 2263 quod
1201 2191 1330 2247 Ecclesiae
1342 2191 1494 2248 adversen-

354 2296 414 2352 tur;
434 2286 490 2341 imo
513 2301 579 2341 vero
595 2284 761 2356 principium
783 2284 834 2339 hoe
852 2282 925 2355 apud
944 2297 1040 2339 omnes
1053 2283 1148 2337 Patres
1166 2280 1321 2336 necessario
1341 2281 1496 2350 delitescit;

354 2386 382 2433 at
394 2376 462 2432 illud
476 2386 567 2432 tamen
580 2374 750 2430 Tertulliano
763 2373 888 2429 maximae
901 2374 995 2447 gloriae
1012 2381 1073 2439 est,
1091 2372 1165 2443 quod
1179 2371 1206 2426 id
1222 2370 1314 2426 altiori
1333 2385 1365 2425 ac
1383 2371 1497 2428 univer-

354 2467 448 2523 saliori
465 2466 545 2522 modo
560 2465 652 2522 animo
666 2464 919 2536 comprehenderit,
939 2463 1026 2536 magis
1039 2461 1230 2533 explicaverit,
1244 2460 1393 2527 evolverit,
1411 2471 1498 2535 atque

355 2558 393 2613 ita
407 2573 477 2613 novo
490 2573 521 2614 ac
534 2556 679 2613 illustriori
695 2555 800 2611 lumine
820 2555 1029 2610 collustraverit.
1045 2554 1139 2624 lpsum
1151 2553 1291 2608 adeamus.

393 2650 424 2704 ln
440 2649 529 2721 primo
543 2648 635 2720 operis
652 2647 764 2703 exordio
783 2645 971 2700 Tertullianus
983 2643 1062 2699 docet
1076 2658 1247 2714 nequaquam
1268 2642 1423 2698 mirandum
1436 2659 1501 2701 esse

356 2740 490 2813 plurimas
504 2741 624 2795 haereses
644 2738 673 2794 in
691 2736 814 2793 Ecclesia
832 2734 967 2810 grassari,
980 2734 1081 2805 quibus
1097 2732 1270 2803 quorundam
1283 2733 1500 2790 christianorum

356 2831 425 2888 tides
445 2830 624 2887 labefactetur
642 2845 674 2885 ac
691 2828 822 2893 intereat;
843 2834 871 2880 at
888 2840 952 2880 vero
975 2833 1006 2879 ut
1027 2823 1063 2879 iis
1088 2832 1250 2879 occurratur
1274 2824 1426 2879 curandum
1448 2825 1499 2880 ait.

357 2921 540 2988 Quamobrem
563 2921 622 2992 ipse
644 2917 780 2991 principia
802 2914 903 2987 quibus
928 2922 1121 2969 removeantur
1142 2929 1174 2968 ac
1195 2912 1357 2969 refellantur
1378 2915 1511 2971 haereses*

357 3026 454 3067 omues
473 3011 589 3082 prodere
608 3018 635 3065 et
654 3008 726 3064 tueri
745 3007 799 3063 sibi
819 3005 921 3069 sumit;
942 3013 973 3059 ut
991 3003 1077 3060 totius
1095 3002 1158 3058 libri
1172 3018 1273 3073 scopus
1286 3003 1336 3070 sit,
1355 3011 1414 3058 tum
1434 3013 1500 3060 uta

357 3101 514 3173 quibusque
533 3099 674 3155 haereticis
693 3097 745 3154 sibi
760 3104 875 3151 caveant
894 3095 989 3150 fideles
1006 3093 1187 3166 praemunire,
1201 3102 1261 3148 tum
1280 3093 1362 3149 etiarn
1379 3094 1501 3152 haereses

359 3190 472 3246 omniuo
490 3205 586 3244 omnes
605 3205 623 3244 o
643 3188 734 3259 priori
753 3184 904 3242 confutare.

396 3280 430 3333 Et
443 3294 507 3334 vero
521 3278 550 3332 in
564 3293 619 3348 quo
632 3277 685 3332 sita
698 3277 734 3332 sit
752 3276 780 3331 iu
799 3275 960 3331 universum
980 3273 1117 3328 haereseos
1135 3272 1256 3340 indoles,
1280 3281 1498 3344 quantumquea

360 3369 518 3426 christianae
535 3367 598 3423 fidei
616 3368 675 3441 lege
688 3367 848 3434 abhorreat,
867 3367 987 3438 primum
1004 3365 1130 3437 inquirit.
1145 3364 1264 3420 llaeresis
1278 3371 1387 3429 autem,
1401 3372 1432 3418 ut
1446 3379 1502 3418 vox

361 3459 421 3530 ipsa
440 3459 548 3524 innuit,
576 3459 727 3513 electionem
748 3466 838 3521 notat,
861 3458 985 3527 adeoque
1007 3455 1214 3526 inquisitionem
1236 3471 1290 3510 non
1313 3455 1381 3509 sinit
1403 3453 1501 3519 modo,

362 3549 412 3605 scd
430 3559 458 3604 et
477 3548 617 3621 praecipit;
630 3549 707 3620 atqui
727 3548 755 3604 id
775 3547 933 3603 christianae
945 3545 1088 3618 religionis
1102 3545 1188 3602 indoli
1203 3546 1313 3617 penitus
1326 3545 1501 3601 adversatur.

363 3639 409 3696 Sic
430 3640 553 3712 loquitur
574 3648 669 3695 auctor
692 3656 699 3694 :
724 3658 739 3691 «
763 3639 888 3694 Haereses
912 3638 993 3693 dietae
1019 3651 1105 3710 graeca
1127 3652 1195 3693 voce
1216 3651 1249 3692 ex
1270 3636 1502 3707 interpretatione

366 3728 523 3794 electionis,
535 3743 589 3798 qua
607 3728 670 3799 quis
684 3727 742 3783 sive
755 3727 789 3783 ad
804 3726 1004 3794 instituendas,
1018 3727 1077 3782 sive
1090 3727 1124 3783 ad
1136 3725 1326 3798 suscipiendas
1339 3741 1386 3781 eas
1400 3726 1501 3782 utitur.

367 3818 430 3875 ldeo
451 3819 506 3889 sibi
523 3819 683 3874 damnatum
695 3817 764 3872 dixit
778 3816 911 3890 (Paulus)
927 3817 1106 3881 haereticum,
1125 3816 1188 3888 quia
1204 3817 1273 3872 etin
1286 3830 1340 3887 quo
1353 3815 1504 3872 damnatur

363 3911 422 3968 sibi
440 3910 531 3984 elegit.
550 3909 634 3965 Nobis
654 3925 719 3965 vero
739 3908 810 3964 nihil
829 3922 863 3963 er
884 3917 979 3964 nostro
996 3906 1111 3964 arbitrio
1130 3907 1261 3963 iuducere
1280 3907 1361 3973 licet,
1380 3906 1429 3962 sed
1450 3923 1504 3963 nec

368 4002 470 4075 eligere
488 3999 561 4070 quod
577 3999 678 4070 aliquis
693 3999 728 4054 de
746 3997 860 4053 arbitrio
874 4013 924 4054 suo
938 3995 1088 4052 induxerit.
1104 4016 1118 4049 a
1133 3995 1218 4068 Cujus
1231 3996 1343 4067 quidem
1362 3996 1402 4050 rei
1415 3996 1505 4054 ratio-

369 4107 434 4147 nem
453 4089 532 4146 affert
552 4090 624 4144 hanc
638 4105 675 4144 :c
695 4088 841 4160 Apostolos
863 4088 972 4143 bomini
994 4088 1128 4143 habemus
1147 4097 1288 4154 auctores,
1309 4085 1356 4158 qui
1379 4101 1431 4142 nec
1448 4087 1505 4158 ipsi

370 4183 515 4255 quicquam
535 4196 569 4235 ex
590 4195 640 4235 suo
659 4179 787 4243 arbitrio,
801 4177 874 4250 quod
891 4178 1068 4243 inducerent,
1084 4177 1240 4252 elegerunt,
1260 4176 1308 4233 sed
1328 4185 1467 4247 acceptam
1488 4193 1505 4232 a

365 4272 481 4330 Christo
502 4270 676 4342 disciplinam
699 4270 817 4326 fideliter
844 4269 1003 4324 nationibus
1026 4268 1248 4342 adsignaverunt.
1279 4268 1373 4338 ltaque
1395 4268 1507 4324 etiamsi
