3150 5160
351 362 376 404 s.
394 361 547 417 insumus,
562 358 720 404 uvtscorus
734 357 948 402 tucnunnnsrs.
1185 340 1225 400 59

74 526 224 591 Ecclesia,
242 539 307 580 cum
323 540 432 580 summa
450 523 593 597 diligentia
612 521 727 594 diligere
745 517 810 593 (l),
828 528 856 574 et
874 516 1083 590 apprehendere
1101 516 1228 574 veritatis

75 615 260 671 traditionem
275 611 362 686 lit.»

114 705 207 760 Dubio
225 706 323 775 procul
340 705 428 777 liquet
442 706 516 776 jam,
535 719 569 759 ex
586 700 683 758 lrenaei
699 697 818 770 judicio,
835 697 863 752 S.
882 695 1040 767 Scripturas
1057 711 1229 769 nequaquam

75 806 108 852 ut
127 795 273 869 religionis
290 794 500 852 fundamentum
522 791 618 848 haberi
636 805 734 861 posse,
751 789 807 843 imo
826 802 883 842 uon
899 787 984 842 alium
1003 803 1084 857 quam
1105 789 1231 845 adventi-

76 887 147 945 tium
162 886 234 957 ipsis
248 886 340 941 locum
353 901 425 942 esse.
440 885 493 941 Sed
508 884 577 940 illud
591 898 645 939 non
659 881 688 937 in
702 880 865 934 universum
879 876 974 941 modo,
988 892 1085 932 vorum
1099 878 1232 949 peculiari

75 992 144 1032 cura
162 991 195 1031 ac
210 975 327 1031 disertis
342 975 435 1031 verbis
453 974 539 1029 edixit
551 980 648 1029 auctor
665 987 671 1026 :
686 989 700 1022 a
715 967 787 1035 Quid
806 974 916 1030 autem,
931 966 985 1030 ait,
1002 967 1025 1022 si
1039 983 1130 1038 neque
1143 967 1232 1040 hpos-

76 1067 126 1123 toli
139 1066 255 1138 quidem
268 1065 426 1136 Scripturas
440 1063 621 1134 reliquissent
637 1059 733 1125 nobis,
749 1071 844 1111 nonne
857 1056 1003 1126 oportebat
1016 1057 1144 1113 ordinem
1157 1058 1238 1132 sequi

76 1157 263 1221 Traditionis,
284 1170 367 1227 quam
388 1153 563 1210 tradiderunt
585 1152 621 1207 iis
642 1149 744 1228 quibus
768 1145 982 1202 committebant
1004 1147 1190 1205 Ecclesias‘l»
1204 1182 1243 1194 -

77 1248 112 1304 Et
131 1264 163 1303 re
183 1247 297 1318 quidem
319 1260 398 1309 vera,
417 1253 490 1299 teste
514 1242 631 1305 irenaeo,
654 1237 782 1310 plurimae
807 1243 904 1308 gentes
926 1236 978 1292 bae
1001 1254 1055 1293 una
1080 1240 1242 1299 traditionis

76 1337 122 1395 via
145 1337 207 1393 sine
230 1335 438 1407 Scripturarum
461 1333 623 1404 adjumento
645 1343 740 1385 veram
760 1323 866 1382 Christi
887 1326 972 1383 fidem
992 1338 1104 1397 tenent;
1124 1334 1241 1402 quodsi

77 1426 147 1493 hoc,
164 1440 214 1480 cur
233 1439 288 1480 non
306 1424 381 1480 idern
398 1423 473 1495 apud
493 1421 619 1491 reliquos
638 1417 760 1491 populos
778 1413 840 1471 fieri
858 1417 1015 1488 potuisset?
1034 1440 1049 1473 ι
1065 1418 1129 1487 Cui,
1151 1423 1242 1496 pergit

78 1516 159 1587 ipse,
183 1513 352 1570 ordinationi
374 1513 533 1570 assentiunt
555 1511 657 1566 multae
680 1517 778 1580 gentes
798 1506 997 1575 barbarorum,
1022 1526 1119 1567 eorum
1141 1514 1190 1584 qui
1212 1513 1242 1570 iu

76 1604 224 1662 Christum
241 1603 371 1669 eredunt,
387 1604 449 1661 sine
464 1603 559 1658 charta
576 1608 607 1655 et
622 1606 783 1655 atramento
796 1599 927 1672 scriptam
944 1600 1078 1659 habentes
1091 1618 1142 1675 per
1154 1604 1243 1677 Spiri-

77 1705 140 1753 tum
160 1694 189 1748 in
210 1693 340 1749 cordibus
360 1694 420 1750 suis
438 1693 572 1757 salutem,
590 1700 621 1746 et
640 1698 768 1746 veterem
785 1691 962 1748 traditionem
981 1694 1129 1767 diligenter
1148 1706 1243 1754 custo·

77 1787 202 1850 dientes,
218 1785 345 1839 inunum
360 1785 448 1840 Deum
461 1782 623 1848 credentes,
639 1779 834 1838 fabricatorem
849 1783 911 1839 coeli
925 1792 953 1838 et
965 1793 1061 1851 terrae,
1075 1794 1102 1841 et
1115 1787 1242 1844 omnium

77 1877 185 1949 quaein
198 1876 240 1931 eis
254 1884 335 1942 sunt,
350 1889 400 1946 per
413 1873 556 1930 Christum
568 1871 672 1929 iesum
686 1870 736 1926 Dei
749 1871 874 1930 Filium..
886 1916 912 1930 ..
930 1874 1007 1931 lianc
1020 1875 1102 1930 fidem
1115 1877 1164 1947 qui
1179 1878 1241 1934 sine

77 1966 184 2023 litteris
197 1964 390 2030 crediderunt,
405 1972 540 2034 quantum
555 1962 591 2017 ad
607 1975 771 2020 sermonem
785 1973 911 2020 nostrum
927 1965 1037 2021 barbari
1051 1975 1116 2022 sunt
1131 1984 1137 2022 :
1152 1984 1241 2039 quau-

78 2068 141 2113 tum
154 2065 247 2111 autem
264 2055 298 2109 ad
311 2055 494 2121 sententiam,
509 2062 538 2109 et
550 2053 806 2122 consuetudinem,
819 2065 847 2111 et
859 2056 1112 2122 conversationem,
1127 2069 1242 2130 propter

75 2147 162 2204 iidem
180 2160 313 2217 perquam
330 2144 530 2217 sapientissimi
550 2154 633 2210 sunt,
649 2150 680 2198 et
698 2145 806 2216 placent
819 2148 891 2215 Deo,
905 2156 1101 2203 conversantes
1117 2149 1146 2202 in
1164 2149 1240 2205 omui

78 2238 206 2311 justitia,
221 2245 249 2291 et
266 2235 408 2301 castitate,
423 2244 451 2291 et
465 2232 615 2306 sapientia.
637 2231 749 2299 Quibus
762 2237 784 2294 si
799 2238 902 2309 aliquis
914 2236 1121 2293 annuntiaverit
1134 2253 1166 2294 ea
1179 2255 1239 2309 quc

75 2331 114 2386 oh
135 2328 270 2383 hereticis
286 2327 437 2382 adinventa
456 2332 520 2380 aunt
541 2322 626 2397 (vide
646 2323 786 2385 haereseos
805 2329 942 2396 indolem,
959 2329 1072 2400 antiqua
1091 2345 1240 2401 respuere,

79 2437 154 2479 nova
174 2417 329 2491 condere),
342 2418 454 2490 proprio
472 2431 601 2473 sermone
621 2431 722 2475 eorum
739 2420 913 2491 colloquens,
932 2421 1026 2475 statim
1044 2421 1242 2477 concludentes

79 2529 182 2580 aures,
196 2514 277 2586 longo
294 2511 405 2584 longius
423 2508 544 2581 lugieut,
557 2522 595 2562 ue
610 2508 712 2565 audire
729 2509 841 2580 quidem
859 2509 1030 2567 sustinentes
1046 2512 1241 2582 blasphemum

82 2603 266 2676 colloquium.
281 2601 347 2668 Sic,
361 2616 410 2673 per
423 2601 500 2654 illam
512 2606 635 2653 veterem
648 2598 844 2670 Apostolorum
857 2600 1060 2667 Traditioncm,
1074 2616 1110 2655 ne
1127 2601 1156 2656 iu
1174 2616 1241 2657 con-

80 2695 244 2767 ceptionem
255 2691 368 2763 quidem
381 2689 485 2745 mentis
498 2687 663 2754 admittunt,
674 2689 867 2761 quodcumque
880 2704 975 2746 eorum
989 2690 1240 2762 portentiloquium

84 2795 130 2843 cst
149 2801 156 2840 :
176 2780 335 2853 nequedum
353 2781 427 2835 enim
447 2776 634 2852 congregratio
653 2777 707 2833 luit
726 2779 799 2849 apud
818 2794 882 2847 eos,
902 2795 993 2850 noque
1011 2780 1138 2837 doctrina
1157 2781 1239 2838 iusti·

85 2883 149 2930 tuta
166 2871 228 2947 (5).
240 2891 256 2924 tt

126 2961 226 3018 ideone
238 2975 304 3017 vero
317 2958 394 3016 ilocci
409 2958 531 3015 iacienda
548 2956 690 3028 Scriptura
703 2966 787 3028 atque
800 2973 815 3012 a
829 2957 974 3032 theologie
990 2959 1150 3016 christianae
1164 2959 1240 3014 limi-

86 3052 166 3109 tibus
183 3048 320 3109 arcenda?
340 3050 370 3106 ld
388 3063 547 3107 asseverare
567 3046 688 3119 proiecto
708 3063 786 3118 acque
804 3049 921 3119 impium
939 3064 972 3105 ac
987 3051 1141 3107 absurdum
1158 3049 1240 3106 ioret.

86 3142 223 3213 Equidem
244 3143 274 3198 in
294 3150 442 3215 systemate
465 3138 615 3196 christiano
637 3154 693 3194 uon
715 3138 772 3194 nisi
794 3140 979 3197 adventitium
1002 3143 1096 3200 locum
1119 3141 1166 3196 illa
1186 3141 1241 3197 sibi

84 3233 225 3300 vindicat,
243 3233 400 3289 necessaria
420 3247 475 3287 nou
495 3238 550 3295 est,
570 3237 599 3284 at
618 3228 747 3300 perutilis
770 3239 876 3296 umen,
896 3231 947 3297 iis,
966 3231 1098 3305 iuquam,
1118 3232 1166 3302 qui
1186 3247 1241 3302 quo

86 3323 200 3381 condita
213 3333 256 3380 est
273 3323 377 3388 animo,
393 3322 490 3378 eodem
507 3320 584 3375 iliam
599 3319 696 3391 legunt
714 3327 742 3373 et
758 3318 926 3393 intelligunt.
942 3322 1080 3389 Quocirca
1096 3331 1242 3395 postquam

86 3413 232 3486 religionis
253 3428 286 3469 ac
307 3414 450 3487 theologiae
468 3411 627 3468 christianae
650 3410 724 3482 leges
744 3409 830 3465 edixit
851 3412 989 3478 irenaeus,
1011 3413 1047 3468 ad
1069 3411 1242 3482 scripturam

87 3502 202 3560 tandem
214 3502 301 3568 rodit,
315 3512 398 3573 atque
417 3518 452 3558 ex
472 3502 524 3558 hac
539 3501 620 3573 plura
638 3499 772 3555 adversus
787 3501 934 3558 hereticos
952 3513 1119 3576 argumenta
1139 3501 1240 3558 elicit:

88 3617 104 3650 a
116 3593 276 3652 Traditione
291 3592 388 3665 igitur,
405 3608 465 3665 quae
481 3601 525 3648 est
542 3593 576 3652 ab
589 3591 743 3664 Apostohs,
757 3591 798 3648 sic
815 3606 846 3649 se
866 3592 990 3650 habente
1010 3597 1041 3652 in
1059 3594 1198 3660 Ecclesia,
1214 3602 1244 3649 et

120 3774 166 3837 (t)
178 3773 286 3835 Dilipere
297 3770 340 3821 hic
351 3785 397 3837 pro
407 3772 512 3835 delique
523 3771 700 3840 accipiendum
713 3770 824 3826 videtur.

120 3856 162 3921 (2)
176 3853 232 3904 hib.
248 3852 295 3912 lll,
308 3867 330 3903 o.
341 3857 369 3912 d,
383 3869 409 3902 n.
423 3857 447 3904 1.

118 3938 164 4002 (5)
179 3936 212 3986 ib.
230 3950 253 3984 c.
272 3935 314 3996 lli,
329 3950 356 3984 n.
374 3941 387 3985 l
405 3945 430 3988 et
443 3936 698 3990 a-Subobseurior
716 3937 818 3990 videtur
838 3953 931 3992 sensus
952 3949 1096 4005 postrcmae
1113 3936 1248 4006 particular

85 4019 160 4071 istius
179 4016 310 4084 pericopae.
328 4019 468 4080 Nequedum
485 4035 562 4089 porro
577 4037 624 4092 pro
643 4024 749 4074 nccdttm
768 4021 922 4092 accipimus,
940 4020 977 4071 ita
995 4034 1029 4076 ut
1050 4020 1073 4070 is
1091 4036 1179 4072 sensus
1196 4033 1250 4067 esse

85 4101 203 4153 videatur
224 4117 230 4149 :
250 4125 283 4136 -
301 4101 404 4151 necdum
425 4105 507 4167 enim,
530 4119 585 4161 eum
608 4108 722 4172 Apostoli
744 4107 863 4164 bochoris
884 4109 938 4157 iilis
961 4107 1066 4171 pupulis
1092 4103 1253 4166 Euonqeiium

84 4181 428 4240 nuntiabant‚hoereticorttm
443 4201 602 4255 oonpreqatio
614 4204 670 4248 erat
687 4195 758 4256 opud
777 4207 829 4256 eoa,
844 4191 885 4247 pel
900 4202 1025 4255 peruersa
1040 4201 1128 4239 eorum
1142 4183 1257 4233 doctrino

85 4265 123 4315 tui
140 4269 209 4323 uota,
226 4269 255 4312 ut
271 4261 389 4332 deinceps
404 4272 517 4324 ostendit
536 4272 658 4332 ironmus.
