3150 5160
260 364 504 417 nnornsrnnrtun
526 364 679 406 rainerum
702 363 740 406 on
761 362 932 406 nnnroronrs
954 364 1104 408 ununono.
1194 352 1254 410 165

105 533 124 565 a
138 509 316 569 Manifestum
330 518 388 577 cst,
402 509 476 580 quod
495 508 588 565 omnia
602 524 664 580 qnae
682 508 717 564 ad
734 508 853 564 safutem
871 508 985 581 cognitu
1005 507 1161 567 necessaria
1174 521 1256 574 sont,

106 601 140 656 in
157 600 280 671 scriptis,
291 598 462 672 propheticis
478 608 506 654 et
528 598 688 669 apostolicis
708 599 904 654 contineantur
921 597 976 673 (1).
989 618 1004 652 n
1019 599 1127 656 Similia
1144 601 1259 659 tradunt

106 689 322 747 reformatorum
335 689 533 746 confessiones.
552 688 592 744 lta
607 685 801 744 aitconfessio
818 687 937 762 gallica:
954 688 1037 745 «Hos
1055 690 1141 746 libros
1158 706 1259 765 agnos·

105 780 200 836 cimus
220 795 283 836 esse
305 779 468 844 canonicos,
491 778 518 835 id
539 787 594 843 est,
617 788 648 835 nt
670 777 735 834 fidei
752 789 854 835 nostrae
873 794 999 835 normam
1019 788 1047 835 et
1064 782 1189 854 reguiam
1208 784 1258 839 ha-

105 869 246 925 hemus.»
267 870 302 925 Et
320 884 384 924 mox
402 869 479 924 addit
500 885 507 924 :
530 889 544 921 n
561 868 708 940 Quumque
730 869 790 924 haec
812 868 849 925 sit
872 869 963 925 omnis
985 869 1111 926 veritatis
1133 885 1257 939 summa,

107 959 299 1031 complectens
320 959 456 1031 quidquid
479 960 514 1015 ad
540 959 645 1014 cultum
670 959 719 1014 Dei
745 969 774 1014 11
795 960 914 1016 salntem
939 969 1062 1016 nostram
1087 963 1259 1033 requiritur,

108 1065 203 1122 neque
221 1050 394 1114 hominibus,
410 1064 501 1120 neque
520 1050 604 1105 etiam
622 1049 692 1120 ipsis
709 1049 815 1122 angelis
834 1049 876 1105 fas
893 1066 955 1106 esse
973 1050 1091 1107 dicimus
1111 1052 1259 1124 quicquam

110 1141 138 1196 ei
152 1140 241 1197 Verbo
254 1140 375 1210 adiicere
388 1140 431 1196 ref
445 1139 604 1204 detrahere,
619 1139 663 1193 vel
677 1139 824 1211 quicquam
838 1156 953 1210 prorsus
966 1140 996 1195 in
1010 1156 1043 1196 co
1058 1149 1164 1197 mutare
1179 1138 1259 1216 (8).»

109 1229 311 1286 —Confessio
333 1244 398 1286 vero
420 1229 530 1302 Belgica
553 1230 611 1285 haec
634 1229 717 1284 hahet
738 1245 745 1284 :
764 1248 778 1281 n
791 1228 936 1286 Credimus
958 1245 1066 1286 sacram
1088 1230 1260 1304 scriptoram

104 1320 320 1393 perfectissime
343 1335 454 1377 omnem
476 1320 526 1376 Dei
548 1321 718 1376 voluntatem
740 1319 905 1391 complecti,
927 1328 956 1376 et
976 1319 1005 1375 in
1028 1321 1075 1376 iffa
1096 1322 1207 1378 abunde
1227 1338 1261 1379 ea

102 1410 207 1469 omnia
224 1410 336 1478 doceri,
354 1425 535 1482 quaecumque
553 1410 588 1464 ab
607 1408 768 1465 hominibus
787 1409 863 1465 credi
881 1425 996 1467 necesse
1017 1420 1075 1480 est,
1091 1414 1123 1468 ut
1141 1414 1261 1470 salutent

112 1510 330 1572 consequantur.
354 1502 449 1573 ltaque
470 1516 534 1557 cnm
556 1499 615 1554 iffic
636 1498 812 1554 exactissime
830 1508 859 1555 et
880 1499 941 1556 fuse
959 1501 1098 1573 descripta
1117 1504 1155 1560 sit
1171 1506 1263 1563 omnis

103 1590 204 1646 *divini
217 1591 310 1647 cultus
326 1591 421 1647 ratio..
433 1631 458 1646 ..
475 1610 489 1642 n
504 1588 538 1645 Et
551 1589 646 1644 statim
661 1588 758 1645 itidem
773 1589 907 1660 subjicit:
924 1591 1041 1658 «Quum
1055 1593 1131 1648 enim
1144 1595 1262 1652 vetitum

106 1683 166 1750 sit,
189 1682 307 1753 nequis
329 1683 379 1738 Dei
401 1681 490 1737 Verbo
514 1678 651 1753 (Verbum
673 1687 766 1736 antem
788 1679 838 1736 Dei
861 1682 948 1736 solam
969 1681 1140 1754 scripturam
1164 1685 1260 1758 notat)

114 1773 265 1846 quicquam
281 1782 330 1829 ant
346 1773 429 1828 addat
446 1781 494 1827 aut
510 1771 653 1839 detrahat,
669 1772 737 1829 satis
753 1787 786 1828 eo
804 1771 864 1843 ipso
879 1771 1047 1838 declaratur,
1064 1788 1171 1829 sacram
1190 1774 1263 1830 hanc

113 1865 272 1922 doctrinam
294 1863 425 1920 omnihus
447 1862 508 1919 suis
529 1861 655 1917 numeris
678 1871 706 1918 et
728 1861 855 1934 partibus
876 1860 1026 1934 perfectam
1048 1861 1135 1938 (5).»
1159 1861 1263 1921 Eadem

114 1955 253 2028 principia
275 1963 426 2012 occurrunt
443 1953 472 2008 in
491 1951 714 2009 confessionibus
733 1952 848 2027 Anglica
869 1951 931 2027 (1),
951 1953 1058 2011 Scotica
1078 1953 1144 2029 (6),
1164 1953 1264 2012 111111-

108 2045 171 2102 1111
192 2042 254 2118 (6).

158 2135 247 2208 Igitur
269 2134 361 2206 palam
382 2142 426 2190 est
448 2149 482 2189 ex
503 2133 718 2206 protestantium
741 2133 868 2189 doctrina
889 2133 981 2189 omnia
1003 2149 1065 2205 quae
1087 2133 1122 2190 ad
1144 2136 1264 2194 salntem

114 2225 274 2283 necessaria
300 2234 366 2281 sunt
391 2224 421 2280 in
445 2224 598 2296 Scriptnris
623 2224 760 2296 reperiri,
786 2223 920 2297 nefasque
945 2224 1040 2281 haberi
1065 2224 1154 2282 nilum
1178 2227 1265 2285 alium

114 2316 261 2391 religionis
282 2315 387 2372 fontem
407 2315 574 2370 adsciscere.

153 2408 222 2476 Quae
237 2423 323 2478 quum
341 2406 379 2462 ita
393 2406 466 2474 sint,
484 2403 690 2477 inspiciendum
703 2405 785 2460 etiarn
800 2414 843 2461 est
860 2420 896 2460 an
911 2404 984 2477 apud
997 2404 1108 2462 cosdem
1128 2416 1267 2464 statuatur

111 2498 266 2556 auctoritas
289 2497 414 2568 quaedam
443 2512 553 2553 summa
577 2495 657 2567 cujus
682 2495 719 2551 sit
741 2495 898 2568 Scripturas
924 2496 1101 2569 interpretari
1124 2507 1207 2570 atque
1231 2498 1266 2555 de

111 2591 216 2645 harum
240 2603 324 2644 sensu
346 2587 486 2656 judicium
509 2583 601 2642 ferrei
623 2585 718 2657 Neque
740 2586 816 2642 enim
842 2587 912 2642 satis
937 2596 980 2643 est
1005 2587 1110 2644 fontem
1133 2588 1266 2646 doctrinae

112 2678 291 2736 uberrimum
308 2686 418 2742 tenere,
442 2676 497 2732 nisi
520 2676 605 2731 simul
628 2691 661 2730 ex
683 2676 736 2734 hoc
758 2684 819 2732 tute
840 2693 873 2732 ac
893 2676 962 2732 citra
984 2678 1094 2734 errandi
1112 2679 1267 2750 periculum

114 2769 233 2827 haurire
246 2781 343 2837 queas.
357 2764 392 2820 dt
408 2765 506 2835 idjam
522 2765 696 2836 assequeris,
711 2766 957 2839 aprotcstantibus
974 2782 1146 2838 nequaquam
1165 2768 1267 2842 magis·

112 2857 221 2917 terium
237 2855 391 2927 quoddam,
408 2855 454 2911 cni
471 2854 602 2912 omnihus
615 2865 690 2911 essct
703 2856 969 2927 obtemperandum,
983 2857 1115 2912 constitui
1128 2858 1266 2929 potuisse,

113 2947 185 3023 quin
206 2946 301 3003 statim
320 2947 349 3001 in
369 2954 464 3017 aperta
482 2954 511 3001 ct
528 2944 690 3016 turpissima
707 2945 819 3017 quidem
838 2947 1056 3003 contradictione
1073 2957 1266 3014 versarentur;

114 3038 222 3112 qnippe
243 3035 400 3108 quiquam
423 3035 477 3092 sibi
505 3036 555 3091 hac
581 3034 609 3090 in
632 3046 719 3106 parte.
734 3035 893 3094 vindicabat
914 3039 1108 3095 auctoritatem
1131 3039 1267 3096 catholica

108 3127 242 3187 ¹Ecclesia
254 3127 352 3198 quavis
365 3126 475 3183 ratione
490 3126 667 3199 exagitabant
680 3143 796 3200 eamque
810 3136 840 3184 nt
852 3128 1019 3185 horrendam
1034 3129 1268 3187 conscientiarum

114 3217 294 3294 tyrannidem
316 3217 449 3274 exhihere
471 3227 681 3275 consueverant.
705 3216 745 3273 Ne
767 3233 831 3291 ergo
854 3218 965 3290 turpius
985 3235 1080 3276 secum
1100 3220 1135 3277 ab
1154 3219 1268 3278 exordio

116 3317 274 3383 pugnarent
293 3305 619 3380 pseudo-reformationis
632 3306 770 3376 artifices,
789 3309 921 3365 theoriam
940 3311 1038 3365 saltem
1058 3309 1269 3366 catholicandu-

110 3399 213 3457 ciesiae
231 3399 386 3471 oppositam
407 3396 600 3455 commendare
621 3396 773 3465 debebant3
793 3407 821 3454 et
839 3408 985 3470 propterea
1003 3399 1031 3455 id
1054 3398 1185 3471 principii
1207 3399 1268 3455 loco

117 3491 175 3547 sibi
188 3498 363 3546 assumerent
376 3505 490 3547 necesse
508 3498 579 3557 erat,
593 3487 733 3544 nerninem
745 3487 878 3560 deinceps
890 3489 976 3546 uilius
989 3489 1163 3546 auctoritatis
1174 3498 1268 3562 tyran-

117 3582 180 3639 nidi
200 3582 229 3636 in
248 3597 279 3636 11
299 3581 429 3653 religiosa
451 3579 593 3636 subditum
614 3579 663 3646 iri,
687 3580 735 3636 sed
754 3593 893 3650 quemque
911 3578 965 3635 sibi
989 3594 1095 3651 suoque
1111 3578 1216 3651 jndicio
1238 3579 1268 3634 in

119 3671 274 3744 Scripturis
287 3669 505 3742 interpretandis
518 3669 696 3741 permissum.
711 3669 746 3725 Et
758 3684 825 3726 vero
836 3668 1004 3742 principium
1018 3670 1071 3725 hoc
1083 3683 1147 3723 curn
1160 3668 1270 3725 caeteris

114 3902 118 3909 .
153 3859 315 3924 (1)Α11.50.
332 3858 370 3909 Cf.
384 3859 495 3923 consess.
509 3859 700 3923 1119111111).

151 3943 200 4006 (2)
214 3943 268 3992 dri.
283 3946 336 3991 111
348 3945 373 3990 5.

154 4027 202 4089 (5)
213 4021 271 4076 Art.
284 4028 308 4072 ¹1.

154 4106 252 4172 (1)61.
265 4105 545 4173 Οοη)111.11191.ρ1ἰο1
558 4105 661 4171 (1561)
677 4111 724 4155 art.
737 4108 782 4163 to,
796 4110 821 4154 11
833 4103 971 4170 posterior,
985 4111 1033 4156 111.
1046 4108 1071 4154 6.

157 4189 201 4254 (5)
215 4188 252 4239 tt.
266 4189 377 4254 consess.
389 4190 483 4238 Sentice
494 4187 566 4255 prior
578 4186 679 4252 (1568)
693 4193 740 4237 111.
754 4188 798 4245 18,
813 4184 873 4236 item
885 4185 1010 4252 posterior
1022 4186 1103 4251 (1581
1115 4187 1133 4249 ).

157 4269 201 4334 (6)
214 4269 273 4320 Vid·
286 4273 379 4320 1111111.
395 4268 467 4335 prior
481 4268 582 4336 (1556)
596 4277 644 4321 111.
659 4274 688 4332 1,
701 4285 799 4320 necnon
812 4267 936 4335 posterior
947 4267 1046 4332 (1566)
1058 4275 1107 4317 art.
1121 4273 1146 4314 1.

1081 4376 1119 4433 tf
