3150 5160
369 361 409 419 90
471 376 510 417 nn
532 375 570 417 rrs
592 373 735 416 olamans
756 371 808 426 pm
830 371 900 414 rosa
922 370 1013 412 mvuu
1036 367 1237 412 nrosromcuu
1259 369 1426 415 rnonurmrt.

367 521 490 578 nondum
517 528 559 576 est
582 517 708 583 definita,
733 533 796 573 cum
819 516 943 588 eiusdem
966 513 1141 588 dogmatibus
1167 528 1305 580 consona,
1327 530 1389 586 qnae
1412 517 1446 572 ab
1469 516 1516 573 bis

367 610 457 665 aliena
472 608 530 666 sint
539 607 679 673 habenda,
690 607 783 662 minus
798 605 978 678 inquisivere.
992 604 1070 660 lianc
1082 603 1204 677 prolecto
1218 619 1359 672 normam,
1371 607 1515 678 adquam,

367 702 403 756 de
423 715 479 755 uno
497 699 619 754 alterove
634 696 765 771 [dogmate
784 697 880 752 oborta
899 693 1115 765 disceptatione,
1134 693 1226 748 varias
1248 697 1402 751 sententias
1423 697 1515 770 exige-

366 799 445 855 rent,
460 789 488 843 in
504 787 598 844 animo
612 786 778 858 insculptam
792 786 937 860 gerebant,
955 793 983 839 at
997 783 1088 839 eidem
1106 783 1275 853 exponendae
1288 784 1516 856 illustrandaeqne

366 879 461 934 minus
483 877 699 934 incubuerunt:
721 876 749 932 id
766 886 859 933 antem
882 874 1015 946 peculiari
1036 889 1102 930 cura
1121 873 1259 946 explicare
1278 875 1386 933 studuit
1395 877 1514 934 Vincen-

368 969 436 1025 tius.
452 964 638 1036 Quamobrem
652 982 708 1023 non
727 982 797 1023 nora
811 966 937 1038 quidem,
952 965 1001 1022 sed
1014 979 1085 1020 nove
1097 972 1191 1019 tamen
1205 964 1328 1020 tradidit.

403 1058 483 1127 Quod
496 1074 584 1114 unum
598 1056 714 1128 reliquit
732 1072 802 1128 opus
815 1056 942 1113 cominus
961 1052 1164 1127 inspiciamus:
1179 1068 1269 1126 parrae
1287 1056 1370 1112 molis
1387 1067 1446 1124 cst,
1466 1058 1514 1114 scd

372 1148 486 1205 maximi
507 1147 651 1204 momenti.
673 1146 750 1219 (lpus
766 1147 835 1203 illud
853 1145 906 1203 sub
926 1146 1038 1202 nomine
1058 1145 1303 1201 Commonitorium
1319 1147 1401 1222 vulgo
1421 1161 1515 1203 occur-

366 1238 404 1293 rit
418 1235 446 1311 (l
456 1234 475 1308 ).
488 1236 518 1292 ld
528 1253 594 1294 vero
608 1237 637 1292 in
650 1253 682 1294 co
697 1236 841 1294 condendo
854 1237 960 1293 auctori
974 1235 1084 1292 consilii
1098 1235 1162 1299 luit,
1175 1245 1205 1290 ut
1215 1234 1317 1291 litteris
1330 1235 1514 1292 committeret

366 1327 504 1399 principia
531 1327 634 1398 quibus
658 1327 686 1383 in
708 1327 842 1402 religione
868 1343 965 1385 verum
986 1342 1001 1381 a
1023 1326 1092 1382 laiso
1117 1333 1177 1382 tuto
1199 1325 1308 1382 secerni
1330 1336 1443 1398 posset;
1462 1342 1514 1383 nec

352 1434 451 1491 ‘porro
465 1435 527 1490 quae
544 1418 606 1490 ipse
621 1418 828 1492 excogitaverit,
849 1417 897 1475 scd
911 1432 972 1490 qnae
990 1432 1005 1472 a
1026 1414 1178 1487 majoribus
1193 1417 1300 1488 accepit
1317 1417 1446 1474 relatoris
1460 1416 1513 1472 lide

366 1507 489 1580 exponit.
500 1507 546 1564 Sic
561 1508 636 1564 enim
651 1516 800 1564 tractatum
811 1509 953 1565 exorditur
967 1522 998 1562 :a
1013 1505 1065 1562 Sed
1077 1507 1135 1578 jam
1148 1506 1178 1560 in
1190 1507 1304 1578 nomine
1316 1507 1427 1563 Domini
1440 1508 1512 1578 qnod

366 1599 453 1655 instat
472 1598 632 1673 adgrediar,
655 1608 685 1656 ut
704 1599 811 1656 scilicet
833 1616 849 1655 a
869 1597 1023 1673 majoribus
1047 1597 1147 1653 tradita
1173 1608 1201 1653 ct
1219 1595 1292 1668 apud
1317 1612 1368 1653 nos
1387 1596 1512 1668 deposita

366 1687 523 1744 describam
542 1687 670 1744 relatoris
687 1688 741 1744 tide
760 1689 948 1761 potiusquam
966 1687 1088 1744 auctoris
1104 1687 1321 1759 praesumptione
1335 1685 1396 1761 (l).
1410 1705 1426 1739 n
1440 1685 1512 1754 Quid

366 1777 451 1851 igitur
469 1778 622 1835 christiano
644 1779 781 1854 agendum
800 1788 857 1847 est,
871 1779 1012 1845 attidem,
1027 1793 1110 1849 qnam
1126 1777 1249 1848 accepit,
1269 1777 1403 1834 illibatam
1421 1786 1511 1834 servet

366 1878 450 1941 atque
474 1885 611 1938 errorem,
636 1869 746 1942 siquis
777 1870 892 1927 obortus
914 1868 1012 1936 luerit,
1035 1867 1116 1924 facile
1138 1865 1345 1940 deprehendat?
1370 1867 1512 1940 Aliquam-

367 1961 448 2017 multi
470 1960 525 2018 riri
545 1960 671 2018 doctrina
696 1969 726 2018 et
750 1960 854 2034 pietate
878 1958 1037 2032 conspicui,
1063 1974 1134 2030 qnos
1156 1958 1208 2015 hac
1234 1958 1269 2015 de
1293 1972 1324 2014 rc
1348 1958 1511 2015 Vincentius

365 2051 558 2118 consuluerat,
573 2051 699 2108 unanimi
716 2066 853 2109 consensu
867 2049 1071 2123 responderunt
1083 2048 1188 2121 duplici
1201 2048 1281 2120 quasi
1297 2048 1370 2104 vallo
1386 2063 1511 2104 commu-

366 2142 495 2198 niendam
513 2141 610 2210 iidem,
623 2157 702 2200 sacra
713 2139 854 2214 Scriptura
868 2151 895 2198 et
907 2139 1038 2197 Ecclesiae
1051 2139 1200 2195 traditione
1214 2155 1221 2196 :
1237 2158 1252 2191 r
1266 2138 1390 2211 Duplici,
1405 2138 1511 2210 inquit,

366 2231 448 2287 modo
471 2231 582 2287 munire
605 2230 687 2288 fidem
709 2247 803 2298 snam,
823 2231 938 2287 llomino
961 2230 1122 2302 adjuvante,
1142 2229 1256 2284 deberet
1273 2226 1354 2302 (ipse
1378 2228 1423 2286 rel
1448 2226 1512 2298 qais

367 2319 472 2394 alins),
493 2321 614 2393 primum
637 2321 745 2377 scilicet
765 2320 866 2377 divinae
887 2321 954 2394 legis
975 2320 1150 2387 auctoritate,
1174 2328 1234 2376 tunt
1256 2319 1357 2376 deinde
1378 2319 1510 2376 Ecclesiae

367 2410 509 2466 catholicae
526 2411 675 2467 traditione
695 2408 756 2484 (ὅ).
773 2428 788 2462 n

405 2498 471 2556 lnde
482 2514 547 2574 ergo
558 2501 615 2572 jam
628 2502 709 2573 plane
724 2499 889 2558 convellitur
907 2501 1120 2572 protestantium
1136 2499 1266 2556 credendi
1285 2514 1391 2556 norma.
1406 2501 1509 2557 Verum

367 2597 395 2644 et
417 2589 486 2646 illud
507 2591 592 2661 probe
611 2590 901 2659 animadvertendum,
921 2590 994 2663 quod
1013 2600 1078 2646 ante
1095 2590 1257 2658 innuimus,
1269 2590 1300 2645 in
1316 2590 1367 2645 hac
1380 2590 1511 2648 universa

365 2679 555 2752 disputatione
571 2696 746 2754 nequaquam
762 2681 798 2738 de
816 2681 912 2755 primae
930 2680 1073 2754 religionis
1092 2680 1250 2754 cognitione
1262 2681 1430 2752 acquirenda
1448 2697 1511 2740 ser-

365 2786 477 2828 monem
499 2772 611 2840 haberi,
632 2772 853 2845 quandoquidem
877 2771 1030 2843 inquiritur
1049 2787 1102 2843 qua
1128 2772 1173 2828 via
1197 2770 1347 2828 muniendo
1368 2772 1406 2828 sit
1424 2773 1508 2841 fider,

365 2877 427 2932 qnae
441 2862 538 2933 ntique
552 2861 610 2933 jam
629 2861 658 2918 in
678 2862 799 2920 hominis
816 2862 963 2919 christiani
981 2862 1073 2918 animo
1088 2863 1160 2916 inest
1176 2861 1252 2917 :imo
1271 2868 1379 2918 tantum
1398 2861 1433 2918 de
1448 2861 1511 2918 niro

365 2950 460 3019 docto,
475 2953 523 3023 qui
535 2952 685 3009 christiana
697 2953 794 3010 calleat
808 2952 950 3027 dogmata,
967 2952 1084 3024 quaestio
1096 2953 1262 3009 instituitur.
1277 2953 1328 3008 llis
1341 2967 1424 3024 porro
1437 2968 1511 3025 prae-

366 3042 496 3110 monitis,
518 3042 694 3100 vincentium
716 3044 813 3100 audire
834 3059 990 3116 pergamus.

402 3129 556 3188 Enunciata
580 3133 609 3187 in
630 3132 792 3190 universnm
812 3132 872 3207 lege
893 3149 975 3205 quam
999 3131 1088 3188 cuivis
1107 3133 1270 3190 servandam
1289 3133 1390 3200 edixit,
1413 3133 1510 3190 statim

364 3219 456 3276 tacitae
472 3221 594 3277 occurrit
614 3219 770 3277 difficultati
788 3237 850 3293 quae
869 3237 903 3277 ex
922 3223 1043 3294 perlecto
1061 3221 1266 3295 Scripturarum
1284 3239 1388 3280 canone
1402 3225 1510 3280 moveri

365 3309 437 3367 forte
453 3311 612 3383 potuisset:
631 3331 646 3364 r
664 3311 716 3368 llic
734 3311 841 3380 forsan,
861 3311 912 3380 ait,
937 3312 1061 3384 requirat
1077 3312 1179 3384 aliquis
1199 3331 1207 3371 ε
1227 3330 1291 3370 cnm
1310 3315 1348 3370 sit
1366 3315 1510 3387 perlectus

366 3398 572 3473 Scripturarum
586 3418 689 3471 canon,
701 3403 810 3475 sibique
822 3402 856 3458 ad
870 3403 961 3459 omnia
976 3403 1045 3459 satis
1058 3419 1197 3476 superque
1210 3402 1343 3472 sufficiat,
1358 3404 1424 3477 quid
1437 3421 1510 3477 opus

365 3499 409 3548 cst
422 3499 454 3548 ut
465 3491 491 3548 ei
507 3494 690 3550 eccbtiosticoe
706 3493 893 3566 intelligentior
908 3491 954 3568 (l)
963 3493 1103 3564 jungatur
1115 3495 1282 3550 auctoritas?
1295 3492 1366 3561 Quia
1377 3494 1511 3553 videlicet

364 3578 536 3655 Scripturam
549 3599 658 3641 sacram
671 3601 720 3657 pro
736 3584 796 3657 ipsa
809 3600 859 3642 sna
872 3582 1019 3640 altitudine
1036 3599 1093 3640 non
1108 3601 1162 3642 uno
1175 3586 1328 3656 codemque
1344 3602 1428 3643 sensu
1444 3585 1510 3642 uni-

364 3672 439 3728 versi
455 3673 612 3745 accipiunt,
631 3675 680 3731 sed
700 3675 826 3748 eiusdem
839 3674 949 3747 eloquia
961 3672 1043 3730 aliter
1055 3684 1137 3748 atque
1147 3677 1231 3734 'aliter
1248 3675 1321 3732 alins
1337 3686 1421 3749 atque
1435 3677 1510 3733 alius

398 3850 442 3914 (l)
454 3851 520 3903 Huic
531 3853 599 3905 libro
614 3869 673 3905 cum
691 3853 837 3922 praelixerat
853 3855 958 3907 titulum
974 3862 1060 3906 auctor
1073 3871 1078 3905 :
1092 3857 1221 3920 Peregrini
1237 3857 1358 3906 advortas
1373 3857 1511 3908 tet-attrei.

397 3931 440 3997 (a)
458 3934 524 3984 (1.1.

398 4017 445 4080 (5)
463 4013 491 4066 C.
504 4019 528 4066 2.

396 4097 443 4163 (l)
455 4096 516 4148 inde
531 4099 654 4166 perspicis
671 4101 806 4153 Vincentio
817 4102 982 4156 traditionem
1000 4121 1051 4154 rron
1068 4119 1120 4155 esse
1133 4112 1277 4157 emortuum
1289 4105 1367 4172 quid,
1385 4104 1428 4155 sed
1437 4104 1511 4173 juxta

364 4192 418 4230 csse
434 4194 464 4231 ac
479 4179 560 4247 ipsam
577 4181 673 4235 Christi
686 4185 830 4237 doctrinam
847 4201 937 4250 carne,
960 4187 1097 4253 sanguine,
1115 4196 1238 4256 motuque
1251 4187 1278 4239 in
1293 4188 1404 4240 Ecclesia
1416 4187 1512 4256 predi-

365 4269 418 4313 tam
431 4277 438 4313 ε
449 4263 544 4316 scilicet
556 4280 608 4316 non
619 4269 778 4328 traditiones,
791 4285 854 4337 quas
870 4268 1084 4336 supradiximus,
1098 4267 1140 4320 sed
1153 4273 1309 4323 traditionem
1321 4279 1510 4324 commemorat.
