3150 5160
345 339 407 396 ita
533 352 680 398 ursrunnn
703 352 952 397 rnornsrxnrrsnr
973 354 1105 398 neruum
1128 355 1322 401 nnnvrxuruu.

335 504 409 555 'esse
427 498 596 571 probandam
610 497 862 569 improbandamve.
879 498 920 553 ita
936 498 1058 570 loquitur
1079 517 1086 555 ;
1102 519 1117 554 n
1132 501 1228 574 Neque
1243 503 1307 560 iilos
1327 505 1427 576 probo,
1440 510 1491 578 qui

287 623 292 642 ι
336 591 484 661 ,resupium
499 606 580 645 suom
595 597 702 661 ponunt
718 591 750 644 in
763 591 904 660 jactantie
920 592 1037 662 spiritus
1056 589 1103 665 (at
1127 591 1152 647 si
1178 591 1217 648 ita
1238 600 1295 660 est,
1317 594 1400 665 quid,
1417 595 1491 652 bone

298 686 300 689 ’
343 679 455 745 doctor,
468 678 502 735 dc
520 680 610 752 teipso
626 679 790 736 dicendum!
804 679 824 755 i.
843 680 899 737 Nos
913 682 954 737 sie
966 680 1085 737 dicimus
1104 698 1110 739 :
1130 681 1235 754 duplici
1251 684 1358 755 judicie
1372 685 1490 757 spiritns

345 784 409 826 csse
422 769 603 840 explorandos
617 785 667 825 seu
681 770 885 842 improbandos.
899 770 958 827 Une
971 769 1113 837 interiori,
1128 787 1182 842 quo
1195 787 1245 843 per
1257 773 1392 846 Spiritum
1408 790 1491 832 saue·

332 869 405 916 *tum
427 860 471 916 vel
492 859 596 916 denum
619 861 669 916 liei
693 861 852 935 singulare,
875 861 992 934 quilibet
1014 877 1064 932 pro
1085 876 1135 928 se,
1160 878 1265 934 suaque
1287 865 1375 922 soiius
1397 866 1490 922 sainte

343 949 516 1016 iliustratus,
529 952 676 1005 certissime
685 951 794 1021 judicet
813 958 836 1006 et
852 952 982 1006 discernit
1000 951 1123 1005 emnium
1139 951 1268 1021 dopmatu
1285 958 1309 1008 et
1327 970 1447 1010 sensus..
1458 994 1485 1010 ..

332 1039 470 1097 Alterum
489 1041 687 1110 estjudicium
704 1049 928 1113 aeternumque
947 1056 1002 1096 nou
1022 1040 1104 1098 modo
1122 1056 1173 1112 pro
1191 1042 1372 1115 nobisipsis,
1391 1043 1442 1100 scd
1461 1053 1490 1100 et

343 1145 394 1202 pro
410 1131 474 1187 aliis
490 1139 518 1186 et
534 1142 648 1203 propter
666 1133 785 1189 aliorum
802 1131 937 1199 salntem,
956 1131 1113 1188 certissime
1130 1131 1287 1202 judicamus
1309 1132 1440 1203 spiritus,
1460 1143 1489 1191 et

341 1219 471 1292 dogmata
487 1220 614 1276 aliorum.
635 1221 690 1278 iloc
706 1223 846 1293 judicium
864 1230 902 1278 est
918 1223 1023 1294 publici
1034 1222 1185 1278 ministerii
1203 1225 1235 1278 e'n
1253 1223 1344 1289 uerbo,
1363 1229 1388 1279 et
1407 1226 1489 1296 officii

342 1311 465 1375 oeterni,
482 1317 506 1364 et
525 1313 646 1367 moerime
655 1314 773 1383 pertinet
790 1316 827 1370 ed
841 1315 920 1369 duces
932 1321 957 1369 et
967 1329 1103 1385 precones
1121 1313 1206 1368 uerbi.
1221 1312 1281 1381 Quo
1299 1314 1405 1369 utimur
1420 1314 1487 1371 dum

343 1398 472 1456 infirmos
485 1400 515 1454 in
529 1401 583 1457 ilde
597 1403 758 1459 roboramus
774 1413 803 1460 et
814 1404 988 1462 adversarios
1004 1401 1158 1460 refutamus
1173 1399 1230 1477 il).
1243 1422 1258 1455 n
1272 1402 1326 1469 Qui
1343 1403 1402 1460 baec
1414 1403 1489 1462 iuter

332 1504 375 1546 sse
391 1491 549 1547 cohaereant
566 1491 690 1564 inquirat
706 1494 794 1562 ailus,
808 1510 864 1552 non
882 1510 942 1569 ego.
963 1492 992 1549 Si
1009 1493 1084 1549 enim
1099 1493 1210 1564 quilibet
1226 1508 1279 1562 pre
1296 1509 1323 1547 se
1340 1494 1489 1549 certissime

334 1582 449 1650 ,judicat
468 1588 492 1638 et
512 1584 642 1639 discernit
661 1586 784 1640 omnium
800 1587 930 1656 depmotu
946 1592 970 1641 et
986 1600 1091 1650 sensus,
1107 1583 1181 1639 haud
1201 1598 1268 1638 saue
1285 1599 1420 1654 assequor
1438 1600 1488 1641 cur

343 1669 429 1726 etiem
447 1670 566 1727 alierum
584 1672 687 1730 auxilie
704 1682 792 1747 egeat.
809 1674 913 1730 Verum
930 1689 946 1728 a
962 1673 1099 1745 principio
1118 1673 1192 1743 qued
1207 1672 1268 1743 ipse
1288 1675 1488 1742 constituerat,

275 1797 277 1800 ⁴
342 1762 436 1819 verbis
458 1763 570 1830 saltem,
597 1763 753 1820 desciscere
775 1781 830 1822 nou
849 1773 957 1836 poterat
981 1762 1307 1836 pseudo-reicrmaticnis
1326 1764 1442 1831 artilex;
1460 1775 1490 1821 at

332 1867 379 1909 -ne
401 1853 493 1910 emula
519 1854 658 1926 susdeque
686 1863 844 1922 vertantur,
865 1870 900 1911 ne
928 1855 1023 1926 ipses
1048 1854 1108 1910 suis
1136 1854 1308 1925 contemptui
1336 1854 1487 1922 habeatur,

331 1943 461 1999 aiterum
482 1943 639 2001 adsciscere
656 1945 764 2019 cogitur
784 1945 966 2017 principium,
984 1944 1058 2017 qued
1073 1943 1248 2000 auctoritatis
1267 1951 1325 2012 est,
1355 1954 1384 2001 et
1409 1947 1490 2018 prius

333 2036 416 2093 tollit
439 2052 446 2092 :
467 2038 570 2108 praeis
593 2053 708 2109 nempe,
734 2047 765 2094 ut
794 2039 888 2104 aiunt,
914 2039 1005 2109 differt
1032 2054 1051 2092 u
1074 2037 1272 2108 speculatione!
1295 2066 1334 2078 -
1352 2036 1386 2093 ln
1409 2039 1489 2109 praxi

341 2144 407 2203 ergo
426 2138 614 2200 protestantes
636 2144 746 2196 omues,
766 2130 790 2186 si
814 2128 947 2202 quosdam
967 2127 1100 2184 fanaticos
1122 2126 1278 2199 exceperis,
1300 2127 1489 2185 institutionis

330 2218 431 2285 viam,
444 2234 461 2274 a
474 2219 618 2276 catholicis
634 2230 789 2292 acceptam,
806 2229 935 2287 tenuere,
950 2219 994 2276 sui
1011 2218 1142 2291 principii
1161 2232 1277 2290 prorsus
1297 2218 1487 2276 immemores.

342 2309 378 2365 Et
392 2325 458 2366 vero
474 2325 491 2365 a
508 2320 613 2366 naturae
630 2311 739 2386 iegibus
756 2311 874 2366 nimium
890 2311 1022 2366 abherret
1036 2324 1069 2365 ea
1083 2324 1166 2381 qnam
1181 2308 1363 2364 venditabant
1378 2309 1490 2367 metho-

342 2399 411 2464 dus,
426 2410 457 2456 nt
473 2416 608 2472 uuquam,
624 2401 678 2458 nisi
692 2417 742 2472 per
761 2417 897 2458 summam
915 2399 1078 2466 stultitiam,
1090 2399 1119 2454 in
1134 2415 1216 2455 nsum
1235 2399 1335 2456 adduci
1356 2400 1490 2472 potuerit.

379 2490 474 2562 Neque
493 2505 575 2562 perro
595 2491 744 2564 Scripturas
762 2493 933 2548 authentiam
949 2500 1033 2563 atque
1052 2488 1264 2561 inspirationem
1283 2488 1383 2546 dubias
1402 2506 1492 2562 pone-

341 2579 421 2646 bant,
436 2581 524 2638 donec
537 2582 701 2653 cujusquam
715 2581 821 2653 privato
840 2582 967 2639 examine
979 2580 1175 2637 demonstratae
1187 2579 1316 2636 inissent.
1331 2579 1492 2653 Scripturas

331 2685 394 2727 'ceu
407 2671 496 2742 ipsius
513 2671 562 2727 Dei
575 2672 684 2743 eloquia
704 2673 765 2728 sine
777 2673 835 2728 ulla
852 2672 1034 2745 inquisitione
1052 2669 1258 2743 suscipiebant,
1273 2668 1330 2725 uisi
1350 2669 1423 2727 terte
1437 2671 1493 2726 aii·

342 2777 396 2832 qua
410 2763 520 2819 iliarum
535 2764 669 2835 particula
679 2764 788 2821 cuidam
799 2764 930 2836 peculiari
944 2761 1272 2837 pseudo-reformationis
1284 2761 1386 2834 placito
1395 2773 1493 2835 aperte

342 2852 427 2909 nimis
444 2855 639 2911 adversaretur
654 2871 661 2911 ι
674 2865 740 2913 tunc
753 2855 828 2912 enim
838 2856 886 2912 illa
899 2872 955 2913 uon
968 2855 1089 2928 amplius
1103 2865 1135 2911 nt
1148 2854 1244 2911 divina
1257 2853 1425 2921 habebatur,
1440 2854 1493 2911 sed

341 2940 425 3013 piane
441 2953 473 2999 ut
491 2944 598 3001 nuliius
617 2946 750 3002 momenti
774 2945 966 3017 rejiciebatur,
989 2946 1042 3002 etsi
1060 2961 1159 3016 reapse
1177 2954 1236 3002 tum
1253 2943 1346 3000 etiam.
1359 2944 1455 3001 minus
1475 2961 1493 3002 a

342 3046 420 3088 more
433 3041 567 3090 consueto
586 3033 762 3101 recederent,
777 3035 926 3106 particulas
942 3036 1045 3108 quippe
1062 3034 1222 3106 hujusmodi
1238 3035 1309 3091 eitra
1321 3034 1411 3091 ullum
1425 3050 1493 3091 exa-

333 3120 407 3177 'men
429 3121 613 3193 repellebant.
626 3124 730 3180 Notum
752 3132 796 3180 est
817 3125 969 3180 lutherum
982 3125 1017 3181 eb
1030 3125 1169 3196 ejusmodi
1193 3140 1305 3181 causam
1320 3140 1336 3181 e
1354 3124 1493 3183 librorum

342 3227 488 3268 sacrorum
509 3229 615 3270 canone
635 3214 803 3286 expunxisse
816 3215 845 3268 B.
866 3215 960 3272 iacobi
973 3215 1138 3288 Epistulam,
1153 3231 1237 3286 quam
1253 3217 1431 3272 stramineum
1445 3231 1494 3272 ca-

328 3302 539 3359 lumniabatur.
553 3304 657 3360 Verum
674 3305 822 3376 plerosque
836 3303 986 3377 Scripturas
1002 3304 1089 3360 libres
1106 3314 1137 3360 ut
1149 3320 1244 3360 sacrm
1256 3305 1472 3368 venerabantur.

377 3392 461 3450 luscii
475 3394 583 3451 scilieet
595 3402 625 3451 et
639 3394 726 3451 veluti
741 3403 839 3451 natura
855 3393 925 3451 duce
938 3411 972 3452 ex
987 3394 1077 3467 ipsius
1089 3394 1221 3452 Ecclesiae
1236 3396 1393 3463 catholieae,
1404 3406 1493 3468 quam

328 3484 484 3555 perpetuis
501 3484 712 3542 insectabantur
730 3485 988 3550 criminationibus,
1005 3485 1169 3542 auctoritate
1188 3494 1216 3542 et
1233 3486 1383 3544 traditione
1401 3487 1493 3544 libros

340 3587 436 3631 sacros
451 3575 633 3647 accipiebant.
648 3575 740 3644 Quum
758 3574 892 3632 autemid
909 3575 978 3647 ipsis
994 3576 1192 3648 exprobrarent
1205 3578 1333 3634 catholici
1350 3578 1491 3654 theologi,

340 3662 451 3721 aiebant
468 3681 499 3721 se
516 3681 691 3738 nequaquam
709 3665 794 3721 fidem
812 3663 963 3737 Scriptnris
981 3663 1082 3721 habere
1094 3706 1103 3732 ,
1115 3666 1189 3737 quod
1208 3667 1258 3722 has
1276 3666 1385 3724 divinas
1400 3675 1492 3723 testa-

339 3756 417 3808 retur
432 3754 573 3821 Eeclesia,
588 3756 638 3813 sed
655 3756 742 3826 quod,
760 3755 836 3812 intus
852 3755 968 3812 docente
988 3754 1093 3828 Spiritu
1116 3766 1225 3822 sancto,
1242 3773 1338 3814 carum
1355 3757 1492 3814 divinitas

328 3842 455 3902 ‘cuilibet
477 3847 627 3904 manifesta
650 3862 766 3918 prorsus
792 3845 972 3903 efficiebatur.
999 3846 1030 3902 in
1054 3848 1131 3903 hune
1158 3848 1271 3904 modum
1298 3848 1339 3903 ira
1365 3847 1492 3920 percitus

339 3932 470 3992 Calvinus
487 3935 516 3990 in
536 3937 689 3993 catholicos
708 3937 836 3993 doctores
856 3937 997 3993 invehitur
1017 3952 1024 3992 2
1045 3957 1058 3990 u
1073 3937 1119 3994 Sic
1134 3940 1206 3993 enim
1221 3955 1321 4011 meque
1339 3956 1401 3994 eum
1413 3940 1490 3994 ludi-

339 4025 399 4080 brio
416 4025 542 4098 Spiritus
555 4029 644 4083 suncti
663 4035 791 4098 querunt
805 4046 813 4082 :
827 4028 929 4100 Ecquis
947 4029 1028 4084 nobis
1044 4029 1127 4086 iidem
1145 4029 1228 4087 iaciat
1242 4032 1303 4087 haec
1318 4045 1335 4085 a
1353 4030 1409 4086 Deo
1424 4045 1489 4102 pro-

337 4114 449 4172 diisset
470 4117 574 4187 Ecquis
599 4117 675 4174 saiva
695 4134 727 4174 ac
750 4117 853 4175 intacta
874 4119 910 4175 ad
932 4126 1056 4175 nostram
1080 4136 1170 4194 usqne
1194 4130 1302 4178 aetatem
1326 4121 1488 4194 pervenisse

371 4262 417 4326 (i)
430 4267 543 4314 Deseruc
555 4265 675 4329 arbitrie,
689 4282 748 4333 opp.
762 4272 821 4316 tom.
834 4265 881 4326 ili,
895 4265 937 4317 iel.
951 4269 1007 4316 182.
