<?xml version="1.0" encoding="UTF-8"?>
<!DOCTYPE html PUBLIC "-//W3C//DTD XHTML 1.0 Transitional//EN"
    "http://www.w3.org/TR/xhtml1/DTD/xhtml1-transitional.dtd">
<html xmlns="http://www.w3.org/1999/xhtml" xml:lang="en" lang="en">
 <head>
  <title>
</title>
<meta http-equiv="Content-Type" content="text/html;charset=utf-8" />
  <meta name='ocr-system' content='tesseract 3.04.00' />
  <meta name='ocr-capabilities' content='ocr_page ocr_carea ocr_par ocr_line ocrx_word'/>
</head>
<body>
  <div class='ocr_page' id='page_1' title='image "./dissertatiohist00lafogoog_0062.png"; bbox 0 0 3166 5168; ppageno 0'>
   <div class='ocr_carea' id='block_1_1' title="bbox 515 333 1223 392">
    <p class='ocr_par' dir='ltr' id='par_1_1' title="bbox 515 333 1223 392">
     <span class='ocr_line' id='line_1_1' title="bbox 515 333 1223 392; baseline 0.003 -2"><span class='ocrx_word' id='word_1_1' title='bbox 515 347 747 391; x_wconf 83' lang='lat' dir='ltr'>rnnrunmnuus.</span> <span class='ocrx_word' id='word_1_2' title='bbox 1183 333 1223 392; x_wconf 75' lang='lat' dir='ltr'>il</span> 
     </span>
    </p>
   </div>
   <div class='ocr_carea' id='block_1_2' title="bbox 84 490 1238 4076">
    <p class='ocr_par' dir='ltr' id='par_1_2' title="bbox 84 490 1228 834">
     <span class='ocr_line' id='line_1_2' title="bbox 85 490 1227 568; baseline 0.002 -20"><span class='ocrx_word' id='word_1_3' title='bbox 85 491 192 549; x_wconf 78' lang='lat' dir='ltr'>ditione</span> <span class='ocrx_word' id='word_1_4' title='bbox 211 498 372 557; x_wconf 78' lang='lat' dir='ltr'>censeatur,</span> <span class='ocrx_word' id='word_1_5' title='bbox 390 498 419 547; x_wconf 91' lang='lat' dir='ltr'>et</span> <span class='ocrx_word' id='word_1_6' title='bbox 436 505 470 546; x_wconf 81' lang='lat' dir='ltr'>ca</span> <span class='ocrx_word' id='word_1_7' title='bbox 489 492 537 547; x_wconf 87' lang='lat' dir='ltr'>loc</span> <span class='ocrx_word' id='word_1_8' title='bbox 555 493 629 564; x_wconf 82' lang='lat' dir='ltr'>ipro,</span> <span class='ocrx_word' id='word_1_9' title='bbox 650 508 685 548; x_wconf 87' lang='lat' dir='ltr'>an</span> <span class='ocrx_word' id='word_1_10' title='bbox 705 501 809 548; x_wconf 74' lang='lat' dir='ltr'>caeterea</span> <span class='ocrx_word' id='word_1_11' title='bbox 824 490 859 548; x_wconf 94' lang='lat' dir='ltr'>de</span> <span class='ocrx_word' id='word_1_12' title='bbox 879 491 1022 550; x_wconf 89' lang='lat' dir='ltr'>mendacio</span> <span class='ocrx_word' id='word_1_13' title='bbox 1041 493 1154 550; x_wconf 85' lang='lat' dir='ltr'>veniant</span> <span class='ocrx_word' id='word_1_14' title='bbox 1175 494 1227 568; x_wconf 82' lang='lat' dir='ltr'>(eo</span> 
     </span>
     <span class='ocr_line' id='line_1_3' title="bbox 86 579 1228 654; baseline 0.002 -15"><span class='ocrx_word' id='word_1_15' title='bbox 86 582 186 639; x_wconf 76' lang='lat' dir='ltr'><strong>recidit</strong></span> <span class='ocrx_word' id='word_1_16' title='bbox 205 590 262 638; x_wconf 87' lang='lat' dir='ltr'>tota</span> <span class='ocrx_word' id='word_1_17' title='bbox 282 579 413 652; x_wconf 74' lang='lat' dir='ltr'><strong>quaestio,</strong></span> <span class='ocrx_word' id='word_1_18' title='bbox 433 595 516 651; x_wconf 91' lang='lat' dir='ltr'>quam</span> <span class='ocrx_word' id='word_1_19' title='bbox 536 581 577 637; x_wconf 92' lang='lat' dir='ltr'>sic</span> <span class='ocrx_word' id='word_1_20' title='bbox 596 582 718 638; x_wconf 90' lang='lat' dir='ltr'>breviter</span> <span class='ocrx_word' id='word_1_21' title='bbox 734 582 816 638; x_wconf 88' lang='lat' dir='ltr'>solvit</span> <span class='ocrx_word' id='word_1_22' title='bbox 834 582 947 654; x_wconf 74' lang='lat' dir='ltr'>auctori</span> <span class='ocrx_word' id='word_1_23' title='bbox 965 599 972 639; x_wconf 75' lang='grc' dir='ltr'>ι</span> <span class='ocrx_word' id='word_1_24' title='bbox 993 584 1228 641; x_wconf 80' lang='lat' dir='ltr'>communicamus</span> 
     </span>
     <span class='ocr_line' id='line_1_4' title="bbox 84 670 1228 743; baseline 0.002 -14"><span class='ocrx_word' id='word_1_25' title='bbox 84 689 151 729; x_wconf 92' lang='lat' dir='ltr'>cum</span> <span class='ocrx_word' id='word_1_26' title='bbox 170 670 296 729; x_wconf 88' lang='lat' dir='ltr'>ecelesiis</span> <span class='ocrx_word' id='word_1_27' title='bbox 320 670 496 742; x_wconf 90' lang='lat' dir='ltr'>apostolicis,</span> <span class='ocrx_word' id='word_1_28' title='bbox 516 671 589 743; x_wconf 91' lang='lat' dir='ltr'>quod</span> <span class='ocrx_word' id='word_1_29' title='bbox 606 671 677 727; x_wconf 94' lang='lat' dir='ltr'>nulli</span> <span class='ocrx_word' id='word_1_30' title='bbox 693 671 818 728; x_wconf 91' lang='lat' dir='ltr'>doctrina</span> <span class='ocrx_word' id='word_1_31' title='bbox 836 671 960 741; x_wconf 89' lang='lat' dir='ltr'>diversa;</span> <span class='ocrx_word' id='word_1_32' title='bbox 974 673 1027 729; x_wconf 89' lang='lat' dir='ltr'>huc</span> <span class='ocrx_word' id='word_1_33' title='bbox 1044 683 1087 730; x_wconf 93' lang='lat' dir='ltr'>est</span> <span class='ocrx_word' id='word_1_34' title='bbox 1102 674 1228 731; x_wconf 86' lang='lat' dir='ltr'>testimo-</span> 
     </span>
     <span class='ocr_line' id='line_1_5' title="bbox 88 759 406 834; baseline -0.022 -14"><span class='ocrx_word' id='word_1_35' title='bbox 88 763 166 820; x_wconf 91' lang='lat' dir='ltr'>nium</span> <span class='ocrx_word' id='word_1_36' title='bbox 179 762 305 819; x_wconf 89' lang='lat' dir='ltr'>veritatis</span> <span class='ocrx_word' id='word_1_37' title='bbox 321 759 378 834; x_wconf 74' lang='lat' dir='ltr'>(l).</span> <span class='ocrx_word' id='word_1_38' title='bbox 391 780 406 813; x_wconf 83' lang='lat' dir='ltr'>n</span> 
     </span>
    </p>

    <p class='ocr_par' dir='ltr' id='par_1_3' title="bbox 85 849 1232 1464">
     <span class='ocr_line' id='line_1_6' title="bbox 125 849 1230 924; baseline 0.001 -16"><span class='ocrx_word' id='word_1_39' title='bbox 125 852 164 908; x_wconf 84' lang='lat' dir='ltr'>Ea</span> <span class='ocrx_word' id='word_1_40' title='bbox 182 851 277 923; x_wconf 90' lang='lat' dir='ltr'>itaque</span> <span class='ocrx_word' id='word_1_41' title='bbox 296 860 340 907; x_wconf 92' lang='lat' dir='ltr'>est</span> <span class='ocrx_word' id='word_1_42' title='bbox 360 849 503 924; x_wconf 81' lang='lat' dir='ltr'>religionis</span> <span class='ocrx_word' id='word_1_43' title='bbox 521 849 680 906; x_wconf 75' lang='lat' dir='ltr'>christianae</span> <span class='ocrx_word' id='word_1_44' title='bbox 699 851 743 906; x_wconf 88' lang='lat' dir='ltr'>via</span> <span class='ocrx_word' id='word_1_45' title='bbox 762 866 794 907; x_wconf 90' lang='lat' dir='ltr'>ae</span> <span class='ocrx_word' id='word_1_46' title='bbox 808 849 896 916; x_wconf 86' lang='lat' dir='ltr'>ratio,</span> <span class='ocrx_word' id='word_1_47' title='bbox 911 867 942 908; x_wconf 86' lang='lat' dir='ltr'>ea</span> <span class='ocrx_word' id='word_1_48' title='bbox 956 851 1041 908; x_wconf 81' lang='lat' dir='ltr'>leuet</span> <span class='ocrx_word' id='word_1_49' title='bbox 1058 862 1179 920; x_wconf 78' lang='lat' dir='ltr'>tessera,</span> <span class='ocrx_word' id='word_1_50' title='bbox 1198 861 1230 909; x_wconf 89' lang='lat' dir='ltr'>nt</span> 
     </span>
     <span class='ocr_line' id='line_1_7' title="bbox 88 940 1230 1013; baseline 0 -15"><span class='ocrx_word' id='word_1_51' title='bbox 88 943 158 1001; x_wconf 92' lang='lat' dir='ltr'>illud</span> <span class='ocrx_word' id='word_1_52' title='bbox 174 958 271 1000; x_wconf 87' lang='lat' dir='ltr'>verum</span> <span class='ocrx_word' id='word_1_53' title='bbox 290 941 425 997; x_wconf 86' lang='lat' dir='ltr'>habeatur</span> <span class='ocrx_word' id='word_1_54' title='bbox 443 940 516 1012; x_wconf 91' lang='lat' dir='ltr'>quod</span> <span class='ocrx_word' id='word_1_55' title='bbox 536 940 571 996; x_wconf 86' lang='lat' dir='ltr'>ab</span> <span class='ocrx_word' id='word_1_56' title='bbox 596 940 677 997; x_wconf 92' lang='lat' dir='ltr'>initio</span> <span class='ocrx_word' id='word_1_57' title='bbox 699 950 831 1012; x_wconf 89' lang='lat' dir='ltr'>perpetua</span> <span class='ocrx_word' id='word_1_58' title='bbox 850 941 1042 1013; x_wconf 91' lang='lat' dir='ltr'>episcoporum</span> <span class='ocrx_word' id='word_1_59' title='bbox 1059 942 1131 999; x_wconf 87' lang='lat' dir='ltr'>serie</span> <span class='ocrx_word' id='word_1_60' title='bbox 1144 942 1230 999; x_wconf 90' lang='lat' dir='ltr'>tradi-</span> 
     </span>
     <span class='ocr_line' id='line_1_8' title="bbox 88 1030 1229 1104; baseline 0 -16"><span class='ocrx_word' id='word_1_61' title='bbox 88 1042 167 1097; x_wconf 90' lang='lat' dir='ltr'>tum,</span> <span class='ocrx_word' id='word_1_62' title='bbox 187 1031 289 1088; x_wconf 87' lang='lat' dir='ltr'>laisum</span> <span class='ocrx_word' id='word_1_63' title='bbox 302 1046 367 1088; x_wconf 91' lang='lat' dir='ltr'>vero</span> <span class='ocrx_word' id='word_1_64' title='bbox 384 1030 519 1102; x_wconf 90' lang='lat' dir='ltr'>quidquid</span> <span class='ocrx_word' id='word_1_65' title='bbox 538 1031 573 1087; x_wconf 86' lang='lat' dir='ltr'>ab</span> <span class='ocrx_word' id='word_1_66' title='bbox 596 1031 649 1088; x_wconf 91' lang='lat' dir='ltr'>hoc</span> <span class='ocrx_word' id='word_1_67' title='bbox 667 1030 806 1088; x_wconf 89' lang='lat' dir='ltr'>dissidet:</span> <span class='ocrx_word' id='word_1_68' title='bbox 822 1050 836 1084; x_wconf 86' lang='lat' dir='ltr'>u</span> <span class='ocrx_word' id='word_1_69' title='bbox 855 1032 895 1087; x_wconf 90' lang='lat' dir='ltr'>lta</span> <span class='ocrx_word' id='word_1_70' title='bbox 911 1047 944 1088; x_wconf 85' lang='lat' dir='ltr'>ex</span> <span class='ocrx_word' id='word_1_71' title='bbox 958 1032 1018 1104; x_wconf 88' lang='lat' dir='ltr'>ipso</span> <span class='ocrx_word' id='word_1_72' title='bbox 1031 1032 1128 1089; x_wconf 83' lang='lat' dir='ltr'>ordine</span> <span class='ocrx_word' id='word_1_73' title='bbox 1140 1033 1229 1089; x_wconf 91' lang='lat' dir='ltr'>mani-</span> 
     </span>
     <span class='ocr_line' id='line_1_9' title="bbox 89 1121 1230 1194; baseline 0.003 -15"><span class='ocrx_word' id='word_1_74' title='bbox 89 1123 221 1190; x_wconf 85' lang='lat' dir='ltr'>lestatur,</span> <span class='ocrx_word' id='word_1_75' title='bbox 244 1122 271 1178; x_wconf 94' lang='lat' dir='ltr'>id</span> <span class='ocrx_word' id='word_1_76' title='bbox 294 1138 357 1179; x_wconf 94' lang='lat' dir='ltr'>esse</span> <span class='ocrx_word' id='word_1_77' title='bbox 380 1121 554 1176; x_wconf 86' lang='lat' dir='ltr'>Dominieum</span> <span class='ocrx_word' id='word_1_78' title='bbox 576 1131 605 1178; x_wconf 89' lang='lat' dir='ltr'>et</span> <span class='ocrx_word' id='word_1_79' title='bbox 626 1137 738 1188; x_wconf 86' lang='lat' dir='ltr'>verum,</span> <span class='ocrx_word' id='word_1_80' title='bbox 756 1121 830 1193; x_wconf 91' lang='lat' dir='ltr'>quod</span> <span class='ocrx_word' id='word_1_81' title='bbox 852 1122 890 1178; x_wconf 93' lang='lat' dir='ltr'>sit</span> <span class='ocrx_word' id='word_1_82' title='bbox 913 1123 990 1194; x_wconf 93' lang='lat' dir='ltr'>prius</span> <span class='ocrx_word' id='word_1_83' title='bbox 1016 1123 1148 1180; x_wconf 88' lang='lat' dir='ltr'>traditum</span> <span class='ocrx_word' id='word_1_84' title='bbox 1171 1140 1178 1179; x_wconf 74' lang='grc' dir='ltr'>ε</span> <span class='ocrx_word' id='word_1_85' title='bbox 1202 1125 1230 1182; x_wconf 90' lang='lat' dir='ltr'>id</span> 
     </span>
     <span class='ocr_line' id='line_1_10' title="bbox 85 1211 1232 1284; baseline 0 -15"><span class='ocrx_word' id='word_1_86' title='bbox 85 1222 183 1269; x_wconf 88' lang='lat' dir='ltr'>autem</span> <span class='ocrx_word' id='word_1_87' title='bbox 196 1222 358 1270; x_wconf 75' lang='lat' dir='ltr'>extraneum</span> <span class='ocrx_word' id='word_1_88' title='bbox 376 1221 404 1268; x_wconf 95' lang='lat' dir='ltr'>et</span> <span class='ocrx_word' id='word_1_89' title='bbox 422 1211 535 1276; x_wconf 80' lang='lat' dir='ltr'>salsum,</span> <span class='ocrx_word' id='word_1_90' title='bbox 551 1212 624 1283; x_wconf 92' lang='lat' dir='ltr'>quod</span> <span class='ocrx_word' id='word_1_91' title='bbox 646 1213 682 1270; x_wconf 89' lang='lat' dir='ltr'>sit</span> <span class='ocrx_word' id='word_1_92' title='bbox 696 1213 835 1284; x_wconf 88' lang='lat' dir='ltr'>posterius</span> <span class='ocrx_word' id='word_1_93' title='bbox 855 1212 1021 1269; x_wconf 89' lang='lat' dir='ltr'>immissum.</span> <span class='ocrx_word' id='word_1_94' title='bbox 1039 1213 1082 1268; x_wconf 81' lang='lat' dir='ltr'>Ea</span> <span class='ocrx_word' id='word_1_95' title='bbox 1098 1215 1232 1270; x_wconf 80' lang='lat' dir='ltr'>sententia</span> 
     </span>
     <span class='ocr_line' id='line_1_11' title="bbox 87 1302 1232 1374; baseline -0.001 -13"><span class='ocrx_word' id='word_1_96' title='bbox 87 1305 209 1361; x_wconf 83' lang='lat' dir='ltr'>mauebit</span> <span class='ocrx_word' id='word_1_97' title='bbox 227 1306 357 1360; x_wconf 83' lang='lat' dir='ltr'>aduersus</span> <span class='ocrx_word' id='word_1_98' title='bbox 367 1305 529 1374; x_wconf 78' lang='lat' dir='ltr'>posteriores</span> <span class='ocrx_word' id='word_1_99' title='bbox 541 1318 660 1373; x_wconf 82' lang='lat' dir='ltr'>quosque</span> <span class='ocrx_word' id='word_1_100' title='bbox 673 1303 795 1365; x_wconf 80' lang='lat' dir='ltr'>hereret,</span> <span class='ocrx_word' id='word_1_101' title='bbox 810 1302 911 1373; x_wconf 86' lang='lat' dir='ltr'>quibus</span> <span class='ocrx_word' id='word_1_102' title='bbox 932 1303 1008 1358; x_wconf 92' lang='lat' dir='ltr'>nulla</span> <span class='ocrx_word' id='word_1_103' title='bbox 1027 1303 1182 1361; x_wconf 87' lang='lat' dir='ltr'>constantia</span> <span class='ocrx_word' id='word_1_104' title='bbox 1196 1302 1232 1360; x_wconf 88' lang='lat' dir='ltr'>de</span> 
     </span>
     <span class='ocr_line' id='line_1_12' title="bbox 88 1391 943 1464; baseline -0.008 -13"><span class='ocrx_word' id='word_1_105' title='bbox 88 1394 264 1452; x_wconf 86' lang='lat' dir='ltr'>conscientia</span> <span class='ocrx_word' id='word_1_106' title='bbox 286 1393 417 1464; x_wconf 93' lang='lat' dir='ltr'>competit</span> <span class='ocrx_word' id='word_1_107' title='bbox 430 1392 463 1448; x_wconf 90' lang='lat' dir='ltr'>ad</span> <span class='ocrx_word' id='word_1_108' title='bbox 477 1391 675 1449; x_wconf 82' lang='lat' dir='ltr'>defendendam</span> <span class='ocrx_word' id='word_1_109' title='bbox 693 1392 747 1449; x_wconf 90' lang='lat' dir='ltr'>sibi</span> <span class='ocrx_word' id='word_1_110' title='bbox 762 1391 943 1448; x_wconf 76' lang='lat' dir='ltr'>veritatem.»</span> 
     </span>
    </p>

    <p class='ocr_par' dir='ltr' id='par_1_4' title="bbox 85 1481 1233 2456">
     <span class='ocr_line' id='line_1_13' title="bbox 126 1481 1232 1555; baseline -0.001 -15"><span class='ocrx_word' id='word_1_111' title='bbox 126 1483 163 1540; x_wconf 83' lang='lat' dir='ltr'>llt</span> <span class='ocrx_word' id='word_1_112' title='bbox 184 1500 249 1542; x_wconf 91' lang='lat' dir='ltr'>vero</span> <span class='ocrx_word' id='word_1_113' title='bbox 272 1484 435 1555; x_wconf 80' lang='lat' dir='ltr'>quandoque</span> <span class='ocrx_word' id='word_1_114' title='bbox 454 1481 553 1538; x_wconf 90' lang='lat' dir='ltr'>accidit</span> <span class='ocrx_word' id='word_1_115' title='bbox 578 1493 608 1540; x_wconf 90' lang='lat' dir='ltr'>ut</span> <span class='ocrx_word' id='word_1_116' title='bbox 633 1482 768 1547; x_wconf 88' lang='lat' dir='ltr'>haeretici,</span> <span class='ocrx_word' id='word_1_117' title='bbox 793 1482 827 1538; x_wconf 91' lang='lat' dir='ltr'>ad</span> <span class='ocrx_word' id='word_1_118' title='bbox 847 1481 995 1538; x_wconf 86' lang='lat' dir='ltr'>infaustam</span> <span class='ocrx_word' id='word_1_119' title='bbox 1014 1497 1075 1538; x_wconf 90' lang='lat' dir='ltr'>eam</span> <span class='ocrx_word' id='word_1_120' title='bbox 1100 1482 1232 1539; x_wconf 90' lang='lat' dir='ltr'>novitatis</span> 
     </span>
     <span class='ocr_line' id='line_1_14' title="bbox 90 1572 1231 1646; baseline 0.001 -18"><span class='ocrx_word' id='word_1_121' title='bbox 90 1583 202 1640; x_wconf 92' lang='lat' dir='ltr'>notam,</span> <span class='ocrx_word' id='word_1_122' title='bbox 213 1590 274 1645; x_wconf 85' lang='lat' dir='ltr'>quoe</span> <span class='ocrx_word' id='word_1_123' title='bbox 286 1574 363 1642; x_wconf 89' lang='lat' dir='ltr'>ideo,</span> <span class='ocrx_word' id='word_1_124' title='bbox 377 1584 404 1631; x_wconf 92' lang='lat' dir='ltr'>et</span> <span class='ocrx_word' id='word_1_125' title='bbox 420 1573 489 1646; x_wconf 91' lang='lat' dir='ltr'>ipsis</span> <span class='ocrx_word' id='word_1_126' title='bbox 504 1574 658 1645; x_wconf 88' lang='lat' dir='ltr'>judicibus,</span> <span class='ocrx_word' id='word_1_127' title='bbox 672 1574 736 1645; x_wconf 88' lang='lat' dir='ltr'>jure</span> <span class='ocrx_word' id='word_1_128' title='bbox 748 1573 860 1645; x_wconf 91' lang='lat' dir='ltr'>quidem</span> <span class='ocrx_word' id='word_1_129' title='bbox 873 1572 1033 1629; x_wconf 88' lang='lat' dir='ltr'>christianis</span> <span class='ocrx_word' id='word_1_130' title='bbox 1047 1573 1148 1645; x_wconf 90' lang='lat' dir='ltr'>probro</span> <span class='ocrx_word' id='word_1_131' title='bbox 1168 1590 1231 1631; x_wconf 86' lang='lat' dir='ltr'>ver·</span> 
     </span>
     <span class='ocr_line' id='line_1_15' title="bbox 85 1661 1232 1737; baseline 0.001 -19"><span class='ocrx_word' id='word_1_132' title='bbox 85 1664 171 1729; x_wconf 88' lang='lat' dir='ltr'>titur,</span> <span class='ocrx_word' id='word_1_133' title='bbox 184 1664 439 1735; x_wconf 85' lang='lat' dir='ltr'>quomodocumque</span> <span class='ocrx_word' id='word_1_134' title='bbox 456 1663 650 1737; x_wconf 75' lang='lat' dir='ltr'>effugiendam,</span> <span class='ocrx_word' id='word_1_135' title='bbox 665 1664 718 1734; x_wconf 90' lang='lat' dir='ltr'>ipsi</span> <span class='ocrx_word' id='word_1_136' title='bbox 736 1679 850 1719; x_wconf 90' lang='lat' dir='ltr'>suorum</span> <span class='ocrx_word' id='word_1_137' title='bbox 869 1661 1027 1736; x_wconf 75' lang='lat' dir='ltr'>dogmatum</span> <span class='ocrx_word' id='word_1_138' title='bbox 1052 1663 1167 1736; x_wconf 80' lang='lat' dir='ltr'>vestigia</span> <span class='ocrx_word' id='word_1_139' title='bbox 1187 1663 1232 1719; x_wconf 91' lang='lat' dir='ltr'>vel</span> 
     </span>
     <span class='ocr_line' id='line_1_16' title="bbox 86 1751 1233 1825; baseline 0.003 -17"><span class='ocrx_word' id='word_1_140' title='bbox 86 1751 285 1823; x_wconf 84' lang='lat' dir='ltr'>Apostolorum</span> <span class='ocrx_word' id='word_1_141' title='bbox 303 1763 383 1810; x_wconf 85' lang='lat' dir='ltr'>aetate</span> <span class='ocrx_word' id='word_1_142' title='bbox 402 1754 609 1825; x_wconf 89' lang='lat' dir='ltr'>deprehendere</span> <span class='ocrx_word' id='word_1_143' title='bbox 628 1754 757 1811; x_wconf 89' lang='lat' dir='ltr'>studeant</span> <span class='ocrx_word' id='word_1_144' title='bbox 775 1770 782 1810; x_wconf 92' lang='lat'>:</span> <span class='ocrx_word' id='word_1_145' title='bbox 800 1762 828 1810; x_wconf 92' lang='lat' dir='ltr'>et</span> <span class='ocrx_word' id='word_1_146' title='bbox 847 1769 913 1809; x_wconf 90' lang='lat' dir='ltr'>sane</span> <span class='ocrx_word' id='word_1_147' title='bbox 926 1762 1110 1824; x_wconf 83' lang='lat' dir='ltr'>protestantes</span> <span class='ocrx_word' id='word_1_148' title='bbox 1129 1754 1233 1812; x_wconf 87' lang='lat' dir='ltr'>erroris</span> 
     </span>
     <span class='ocr_line' id='line_1_17' title="bbox 86 1841 1233 1916; baseline 0.003 -19"><span class='ocrx_word' id='word_1_149' title='bbox 86 1841 136 1898; x_wconf 89' lang='lat' dir='ltr'>sui</span> <span class='ocrx_word' id='word_1_150' title='bbox 154 1842 260 1898; x_wconf 87' lang='lat' dir='ltr'>semina</span> <span class='ocrx_word' id='word_1_151' title='bbox 274 1844 301 1898; x_wconf 93' lang='lat' dir='ltr'>in</span> <span class='ocrx_word' id='word_1_152' title='bbox 322 1843 507 1900; x_wconf 87' lang='lat' dir='ltr'>remotissima</span> <span class='ocrx_word' id='word_1_153' title='bbox 525 1843 688 1916; x_wconf 90' lang='lat' dir='ltr'>antiquitate</span> <span class='ocrx_word' id='word_1_154' title='bbox 703 1859 848 1900; x_wconf 90' lang='lat' dir='ltr'>occurrere</span> <span class='ocrx_word' id='word_1_155' title='bbox 864 1859 918 1899; x_wconf 93' lang='lat' dir='ltr'>non</span> <span class='ocrx_word' id='word_1_156' title='bbox 939 1845 1024 1899; x_wconf 92' lang='lat' dir='ltr'>semel</span> <span class='ocrx_word' id='word_1_157' title='bbox 1043 1843 1233 1900; x_wconf 92' lang='lat' dir='ltr'>demonstrare</span> 
     </span>
     <span class='ocr_line' id='line_1_18' title="bbox 86 1929 1231 2007; baseline -0.001 -19"><span class='ocrx_word' id='word_1_158' title='bbox 86 1933 302 1990; x_wconf 87' lang='lat' dir='ltr'>contenderunt.</span> <span class='ocrx_word' id='word_1_159' title='bbox 329 1933 400 2002; x_wconf 81' lang='lat' dir='ltr'>Quid</span> <span class='ocrx_word' id='word_1_160' title='bbox 426 1950 490 2007; x_wconf 83' lang='lat' dir='ltr'>ergo</span> <span class='ocrx_word' id='word_1_161' title='bbox 513 1935 547 1990; x_wconf 91' lang='lat' dir='ltr'>iis</span> <span class='ocrx_word' id='word_1_162' title='bbox 572 1929 809 2005; x_wconf 74' lang='lat' dir='ltr'>respondendum?</span> <span class='ocrx_word' id='word_1_163' title='bbox 834 1932 865 1987; x_wconf 95' lang='lat' dir='ltr'>ln</span> <span class='ocrx_word' id='word_1_164' title='bbox 890 1932 942 1987; x_wconf 92' lang='lat' dir='ltr'>hoc</span> <span class='ocrx_word' id='word_1_165' title='bbox 967 1931 1073 1987; x_wconf 90' lang='lat' dir='ltr'>scilieet</span> <span class='ocrx_word' id='word_1_166' title='bbox 1099 1931 1231 1988; x_wconf 71' lang='lat' dir='ltr'>doetrinae</span> 
     </span>
     <span class='ocr_line' id='line_1_19' title="bbox 88 2021 1231 2094; baseline 0.001 -16"><span class='ocrx_word' id='word_1_167' title='bbox 88 2038 161 2078; x_wconf 81' lang='lat' dir='ltr'>vere</span> <span class='ocrx_word' id='word_1_168' title='bbox 181 2025 290 2078; x_wconf 78' lang='lat' dir='ltr'>truditur</span> <span class='ocrx_word' id='word_1_169' title='bbox 307 2023 427 2079; x_wconf 91' lang='lat' dir='ltr'>indolem</span> <span class='ocrx_word' id='word_1_170' title='bbox 446 2025 566 2088; x_wconf 89' lang='lat' dir='ltr'>versari,</span> <span class='ocrx_word' id='word_1_171' title='bbox 587 2034 686 2080; x_wconf 92' lang='lat' dir='ltr'>utnon</span> <span class='ocrx_word' id='word_1_172' title='bbox 704 2022 827 2094; x_wconf 85' lang='lat' dir='ltr'>cujusvis</span> <span class='ocrx_word' id='word_1_173' title='bbox 843 2021 964 2078; x_wconf 92' lang='lat' dir='ltr'>hominis</span> <span class='ocrx_word' id='word_1_174' title='bbox 980 2022 1017 2077; x_wconf 91' lang='lat' dir='ltr'>sit</span> <span class='ocrx_word' id='word_1_175' title='bbox 1034 2022 1160 2088; x_wconf 90' lang='lat' dir='ltr'>traditio,</span> <span class='ocrx_word' id='word_1_176' title='bbox 1183 2023 1231 2079; x_wconf 92' lang='lat' dir='ltr'>sed</span> 
     </span>
     <span class='ocr_line' id='line_1_20' title="bbox 86 2111 1231 2186; baseline 0.001 -18"><span class='ocrx_word' id='word_1_177' title='bbox 86 2111 216 2168; x_wconf 85' lang='lat' dir='ltr'>ecelesiae</span> <span class='ocrx_word' id='word_1_178' title='bbox 238 2127 253 2167; x_wconf 89' lang='lat' dir='ltr'>a</span> <span class='ocrx_word' id='word_1_179' title='bbox 270 2111 380 2169; x_wconf 84' lang='lat' dir='ltr'>Christo</span> <span class='ocrx_word' id='word_1_180' title='bbox 399 2114 547 2180; x_wconf 72' lang='lat' dir='ltr'>institutae,</span> <span class='ocrx_word' id='word_1_181' title='bbox 564 2114 617 2171; x_wconf 90' lang='lat' dir='ltr'>hoc</span> <span class='ocrx_word' id='word_1_182' title='bbox 633 2123 690 2181; x_wconf 92' lang='lat' dir='ltr'>est,</span> <span class='ocrx_word' id='word_1_183' title='bbox 704 2113 896 2186; x_wconf 91' lang='lat' dir='ltr'>cpiscoporum</span> <span class='ocrx_word' id='word_1_184' title='bbox 914 2112 961 2182; x_wconf 93' lang='lat' dir='ltr'>qui</span> <span class='ocrx_word' id='word_1_185' title='bbox 979 2111 1052 2168; x_wconf 90' lang='lat' dir='ltr'>haud</span> <span class='ocrx_word' id='word_1_186' title='bbox 1073 2112 1231 2169; x_wconf 90' lang='lat' dir='ltr'>intermissa</span> 
     </span>
     <span class='ocr_line' id='line_1_21' title="bbox 91 2201 1232 2276; baseline 0.002 -19"><span class='ocrx_word' id='word_1_187' title='bbox 91 2201 166 2257; x_wconf 87' lang='lat' dir='ltr'>serie</span> <span class='ocrx_word' id='word_1_188' title='bbox 183 2217 217 2256; x_wconf 86' lang='lat' dir='ltr'>ex</span> <span class='ocrx_word' id='word_1_189' title='bbox 234 2202 287 2257; x_wconf 88' lang='lat' dir='ltr'>hoe</span> <span class='ocrx_word' id='word_1_190' title='bbox 305 2217 362 2258; x_wconf 76' lang='lat' dir='ltr'>sevo</span> <span class='ocrx_word' id='word_1_191' title='bbox 375 2203 409 2259; x_wconf 89' lang='lat' dir='ltr'>ad</span> <span class='ocrx_word' id='word_1_192' title='bbox 424 2203 569 2276; x_wconf 81' lang='lat' dir='ltr'>Apostolos</span> <span class='ocrx_word' id='word_1_193' title='bbox 583 2219 672 2276; x_wconf 90' lang='lat' dir='ltr'>usque</span> <span class='ocrx_word' id='word_1_194' title='bbox 686 2202 861 2260; x_wconf 89' lang='lat' dir='ltr'>ascendunt:</span> <span class='ocrx_word' id='word_1_195' title='bbox 880 2210 956 2259; x_wconf 86' lang='lat' dir='ltr'>extra</span> <span class='ocrx_word' id='word_1_196' title='bbox 975 2202 1027 2258; x_wconf 91' lang='lat' dir='ltr'>hoc</span> <span class='ocrx_word' id='word_1_197' title='bbox 1040 2203 1232 2274; x_wconf 88' lang='lat' dir='ltr'>episcoporum</span> 
     </span>
     <span class='ocr_line' id='line_1_22' title="bbox 94 2290 1232 2368; baseline 0.004 -22"><span class='ocrx_word' id='word_1_198' title='bbox 94 2290 271 2359; x_wconf 91' lang='lat' dir='ltr'>institutum,</span> <span class='ocrx_word' id='word_1_199' title='bbox 296 2295 342 2364; x_wconf 89' lang='lat' dir='ltr'>qui</span> <span class='ocrx_word' id='word_1_200' title='bbox 364 2309 419 2349; x_wconf 91' lang='lat' dir='ltr'>nna</span> <span class='ocrx_word' id='word_1_201' title='bbox 444 2311 507 2351; x_wconf 82' lang='lat' dir='ltr'>evum</span> <span class='ocrx_word' id='word_1_202' title='bbox 531 2296 679 2352; x_wconf 91' lang='lat' dir='ltr'>commisso</span> <span class='ocrx_word' id='word_1_203' title='bbox 702 2295 755 2350; x_wconf 90' lang='lat' dir='ltr'>sihi</span> <span class='ocrx_word' id='word_1_204' title='bbox 777 2309 859 2368; x_wconf 76' lang='lat' dir='ltr'>grege</span> <span class='ocrx_word' id='word_1_205' title='bbox 886 2292 992 2365; x_wconf 82' lang='lat' dir='ltr'>Corpus</span> <span class='ocrx_word' id='word_1_206' title='bbox 1016 2292 1124 2349; x_wconf 87' lang='lat' dir='ltr'>Domini</span> <span class='ocrx_word' id='word_1_207' title='bbox 1150 2303 1232 2361; x_wconf 91' lang='lat' dir='ltr'>sunt,</span> 
     </span>
     <span class='ocr_line' id='line_1_23' title="bbox 94 2382 947 2456; baseline -0.001 -19"><span class='ocrx_word' id='word_1_208' title='bbox 94 2382 172 2437; x_wconf 91' lang='lat' dir='ltr'>nulla</span> <span class='ocrx_word' id='word_1_209' title='bbox 192 2398 256 2439; x_wconf 92' lang='lat' dir='ltr'>vera</span> <span class='ocrx_word' id='word_1_210' title='bbox 279 2383 407 2451; x_wconf 87' lang='lat' dir='ltr'>traditio,</span> <span class='ocrx_word' id='word_1_211' title='bbox 426 2384 558 2456; x_wconf 89' lang='lat' dir='ltr'>quoniam</span> <span class='ocrx_word' id='word_1_212' title='bbox 580 2386 656 2440; x_wconf 89' lang='lat' dir='ltr'>nulla</span> <span class='ocrx_word' id='word_1_213' title='bbox 674 2383 767 2440; x_wconf 90' lang='lat' dir='ltr'>divina</span> <span class='ocrx_word' id='word_1_214' title='bbox 788 2384 947 2440; x_wconf 83' lang='lat' dir='ltr'>auctoritas.</span> 
     </span>
    </p>

    <p class='ocr_par' dir='ltr' id='par_1_5' title="bbox 92 2470 1237 3450">
     <span class='ocr_line' id='line_1_24' title="bbox 133 2470 1234 2546; baseline -0.001 -17"><span class='ocrx_word' id='word_1_215' title='bbox 133 2472 315 2541; x_wconf 84' lang='lat' dir='ltr'>Quamobrem</span> <span class='ocrx_word' id='word_1_216' title='bbox 330 2472 447 2529; x_wconf 85' lang='lat' dir='ltr'>fidenter</span> <span class='ocrx_word' id='word_1_217' title='bbox 459 2475 605 2530; x_wconf 87' lang='lat' dir='ltr'>haereticos</span> <span class='ocrx_word' id='word_1_218' title='bbox 622 2475 767 2546; x_wconf 90' lang='lat' dir='ltr'>compellat</span> <span class='ocrx_word' id='word_1_219' title='bbox 779 2474 966 2530; x_wconf 82' lang='lat' dir='ltr'>Tertullianus</span> <span class='ocrx_word' id='word_1_220' title='bbox 988 2470 1082 2546; x_wconf 83' lang='lat' dir='ltr'>(atque</span> <span class='ocrx_word' id='word_1_221' title='bbox 1098 2488 1148 2546; x_wconf 81' lang='lat' dir='ltr'>ego</span> <span class='ocrx_word' id='word_1_222' title='bbox 1166 2487 1234 2543; x_wconf 88' lang='lat' dir='ltr'>quo·</span> 
     </span>
     <span class='ocr_line' id='line_1_25' title="bbox 92 2559 1235 2639; baseline -0.003 -19"><span class='ocrx_word' id='word_1_223' title='bbox 92 2580 151 2636; x_wconf 92' lang='lat' dir='ltr'>que</span> <span class='ocrx_word' id='word_1_224' title='bbox 165 2579 197 2620; x_wconf 84' lang='lat' dir='ltr'>ex</span> <span class='ocrx_word' id='word_1_225' title='bbox 211 2565 271 2636; x_wconf 93' lang='lat' dir='ltr'>ipso</span> <span class='ocrx_word' id='word_1_226' title='bbox 290 2573 475 2636; x_wconf 86' lang='lat' dir='ltr'>protestantes</span> <span class='ocrx_word' id='word_1_227' title='bbox 488 2564 634 2639; x_wconf 77' lang='lat' dir='ltr'>alloquor)</span> <span class='ocrx_word' id='word_1_228' title='bbox 650 2582 657 2621; x_wconf 92' lang='lat'>:</span> <span class='ocrx_word' id='word_1_229' title='bbox 674 2585 688 2618; x_wconf 85' lang='lat' dir='ltr'>u</span> <span class='ocrx_word' id='word_1_230' title='bbox 702 2564 837 2622; x_wconf 86' lang='lat' dir='ltr'>Caeterum</span> <span class='ocrx_word' id='word_1_231' title='bbox 851 2564 875 2620; x_wconf 92' lang='lat' dir='ltr'>si</span> <span class='ocrx_word' id='word_1_232' title='bbox 888 2580 948 2636; x_wconf 85' lang='lat' dir='ltr'>quae</span> <span class='ocrx_word' id='word_1_233' title='bbox 961 2562 1098 2636; x_wconf 73' lang='lat' dir='ltr'>(hereses</span> <span class='ocrx_word' id='word_1_234' title='bbox 1111 2559 1119 2633; x_wconf 87' lang='grc'>)</span> <span class='ocrx_word' id='word_1_235' title='bbox 1132 2560 1235 2617; x_wconf 91' lang='lat' dir='ltr'>audent</span> 
     </span>
     <span class='ocr_line' id='line_1_26' title="bbox 96 2649 1233 2727; baseline -0.004 -16"><span class='ocrx_word' id='word_1_236' title='bbox 96 2655 263 2712; x_wconf 87' lang='lat' dir='ltr'>interserere</span> <span class='ocrx_word' id='word_1_237' title='bbox 285 2671 316 2711; x_wconf 91' lang='lat' dir='ltr'>se</span> <span class='ocrx_word' id='word_1_238' title='bbox 334 2656 408 2712; x_wconf 73' lang='lat' dir='ltr'>aetati</span> <span class='ocrx_word' id='word_1_239' title='bbox 426 2657 597 2727; x_wconf 86' lang='lat' dir='ltr'>apostolieae,</span> <span class='ocrx_word' id='word_1_240' title='bbox 620 2657 726 2713; x_wconf 84' lang='lat' dir='ltr'>ntideo</span> <span class='ocrx_word' id='word_1_241' title='bbox 740 2656 886 2712; x_wconf 87' lang='lat' dir='ltr'>videantur</span> <span class='ocrx_word' id='word_1_242' title='bbox 903 2654 938 2709; x_wconf 88' lang='lat' dir='ltr'>ab</span> <span class='ocrx_word' id='word_1_243' title='bbox 957 2650 1096 2723; x_wconf 80' lang='lat' dir='ltr'>Apostolis</span> <span class='ocrx_word' id='word_1_244' title='bbox 1113 2649 1233 2716; x_wconf 86' lang='lat' dir='ltr'>traditae,</span> 
     </span>
     <span class='ocr_line' id='line_1_27' title="bbox 95 2740 1235 2817; baseline -0.004 -16"><span class='ocrx_word' id='word_1_245' title='bbox 95 2744 162 2816; x_wconf 89' lang='lat' dir='ltr'>quia</span> <span class='ocrx_word' id='word_1_246' title='bbox 184 2745 236 2802; x_wconf 86' lang='lat' dir='ltr'>sub</span> <span class='ocrx_word' id='word_1_247' title='bbox 255 2744 393 2817; x_wconf 76' lang='lat' dir='ltr'>Apostolis</span> <span class='ocrx_word' id='word_1_248' title='bbox 412 2745 539 2813; x_wconf 88' lang='lat' dir='ltr'>luerunt,</span> <span class='ocrx_word' id='word_1_249' title='bbox 559 2762 707 2817; x_wconf 91' lang='lat' dir='ltr'>possumus</span> <span class='ocrx_word' id='word_1_250' title='bbox 728 2746 819 2802; x_wconf 88' lang='lat' dir='ltr'>dicere</span> <span class='ocrx_word' id='word_1_251' title='bbox 839 2761 846 2800; x_wconf 79' lang='lat' dir='ltr'><strong><em>z</em></strong></span> <span class='ocrx_word' id='word_1_252' title='bbox 870 2744 952 2800; x_wconf 90' lang='lat' dir='ltr'>edant</span> <span class='ocrx_word' id='word_1_253' title='bbox 967 2756 1030 2815; x_wconf 79' lang='lat' dir='ltr'>ergo</span> <span class='ocrx_word' id='word_1_254' title='bbox 1051 2740 1172 2811; x_wconf 76' lang='lat' dir='ltr'>origines</span> <span class='ocrx_word' id='word_1_255' title='bbox 1189 2756 1235 2796; x_wconf 92' lang='lat' dir='ltr'>ec-</span> 
     </span>
     <span class='ocr_line' id='line_1_28' title="bbox 95 2830 1236 2908; baseline -0.004 -18"><span class='ocrx_word' id='word_1_256' title='bbox 95 2834 245 2891; x_wconf 85' lang='lat' dir='ltr'>elesiarum</span> <span class='ocrx_word' id='word_1_257' title='bbox 270 2851 382 2893; x_wconf 88' lang='lat' dir='ltr'>suarum</span> <span class='ocrx_word' id='word_1_258' title='bbox 406 2852 413 2892; x_wconf 91' lang='lat'>:</span> <span class='ocrx_word' id='word_1_259' title='bbox 439 2837 568 2893; x_wconf 87' lang='lat' dir='ltr'>evolvant</span> <span class='ocrx_word' id='word_1_260' title='bbox 592 2838 717 2894; x_wconf 91' lang='lat' dir='ltr'>ordinem</span> <span class='ocrx_word' id='word_1_261' title='bbox 744 2837 934 2908; x_wconf 89' lang='lat' dir='ltr'>episcoporum</span> <span class='ocrx_word' id='word_1_262' title='bbox 962 2846 1095 2896; x_wconf 92' lang='lat' dir='ltr'>suorum,</span> <span class='ocrx_word' id='word_1_263' title='bbox 1118 2830 1155 2884; x_wconf 88' lang='lat' dir='ltr'>itu</span> <span class='ocrx_word' id='word_1_264' title='bbox 1186 2846 1236 2902; x_wconf 91' lang='lat' dir='ltr'>per</span> 
     </span>
     <span class='ocr_line' id='line_1_29' title="bbox 99 2919 1237 2998; baseline -0.004 -16"><span class='ocrx_word' id='word_1_265' title='bbox 99 2925 291 2983; x_wconf 86' lang='lat' dir='ltr'>successiones</span> <span class='ocrx_word' id='word_1_266' title='bbox 311 2927 346 2983; x_wconf 89' lang='lat' dir='ltr'>ab</span> <span class='ocrx_word' id='word_1_267' title='bbox 370 2927 449 2984; x_wconf 93' lang='lat' dir='ltr'>initio</span> <span class='ocrx_word' id='word_1_268' title='bbox 475 2927 680 2994; x_wconf 90' lang='lat' dir='ltr'>decurrentem,</span> <span class='ocrx_word' id='word_1_269' title='bbox 698 2936 728 2982; x_wconf 93' lang='lat' dir='ltr'>ut</span> <span class='ocrx_word' id='word_1_270' title='bbox 750 2926 856 2998; x_wconf 91' lang='lat' dir='ltr'>primus</span> <span class='ocrx_word' id='word_1_271' title='bbox 879 2923 926 2978; x_wconf 93' lang='lat' dir='ltr'>ille</span> <span class='ocrx_word' id='word_1_272' title='bbox 945 2921 1091 2992; x_wconf 90' lang='lat' dir='ltr'>episcopus</span> <span class='ocrx_word' id='word_1_273' title='bbox 1115 2919 1237 2991; x_wconf 91' lang='lat' dir='ltr'>aliquem</span> 
     </span>
     <span class='ocr_line' id='line_1_30' title="bbox 99 3010 1236 3089; baseline -0.003 -19"><span class='ocrx_word' id='word_1_274' title='bbox 99 3031 134 3071; x_wconf 86' lang='lat' dir='ltr'>ex</span> <span class='ocrx_word' id='word_1_275' title='bbox 149 3013 302 3088; x_wconf 82' lang='lat' dir='ltr'>Apostolis,</span> <span class='ocrx_word' id='word_1_276' title='bbox 327 3019 371 3074; x_wconf 93' lang='lat' dir='ltr'>vel</span> <span class='ocrx_word' id='word_1_277' title='bbox 396 3017 556 3089; x_wconf 90' lang='lat' dir='ltr'>apostolicis</span> <span class='ocrx_word' id='word_1_278' title='bbox 578 3017 662 3083; x_wconf 89' lang='lat' dir='ltr'>viris,</span> <span class='ocrx_word' id='word_1_279' title='bbox 681 3016 728 3088; x_wconf 92' lang='lat' dir='ltr'>qni</span> <span class='ocrx_word' id='word_1_280' title='bbox 751 3026 843 3072; x_wconf 91' lang='lat' dir='ltr'>tamen</span> <span class='ocrx_word' id='word_1_281' title='bbox 865 3028 928 3068; x_wconf 91' lang='lat' dir='ltr'>cum</span> <span class='ocrx_word' id='word_1_282' title='bbox 950 3010 1089 3082; x_wconf 76' lang='lat' dir='ltr'>Apostolis</span> <span class='ocrx_word' id='word_1_283' title='bbox 1108 3026 1236 3082; x_wconf 91' lang='lat' dir='ltr'>perseve-</span> 
     </span>
     <span class='ocr_line' id='line_1_31' title="bbox 98 3101 1237 3174; baseline -0.004 -12"><span class='ocrx_word' id='word_1_284' title='bbox 98 3106 216 3174; x_wconf 87' lang='lat' dir='ltr'>raverit,</span> <span class='ocrx_word' id='word_1_285' title='bbox 241 3106 369 3164; x_wconf 89' lang='lat' dir='ltr'>habuerit</span> <span class='ocrx_word' id='word_1_286' title='bbox 386 3117 527 3164; x_wconf 88' lang='lat' dir='ltr'>auctorem</span> <span class='ocrx_word' id='word_1_287' title='bbox 545 3116 574 3163; x_wconf 91' lang='lat' dir='ltr'>et</span> <span class='ocrx_word' id='word_1_288' title='bbox 591 3116 804 3164; x_wconf 90' lang='lat' dir='ltr'>antecessorem.</span> <span class='ocrx_word' id='word_1_289' title='bbox 828 3105 886 3160; x_wconf 91' lang='lat' dir='ltr'>lloc</span> <span class='ocrx_word' id='word_1_290' title='bbox 906 3103 980 3160; x_wconf 93' lang='lat' dir='ltr'>enim</span> <span class='ocrx_word' id='word_1_291' title='bbox 1008 3101 1090 3158; x_wconf 92' lang='lat' dir='ltr'>modo</span> <span class='ocrx_word' id='word_1_292' title='bbox 1111 3103 1237 3158; x_wconf 87' lang='lat' dir='ltr'>ecclesiae</span> 
     </span>
     <span class='ocr_line' id='line_1_32' title="bbox 95 3193 1236 3271; baseline -0.002 -21"><span class='ocrx_word' id='word_1_293' title='bbox 95 3195 255 3268; x_wconf 89' lang='lat' dir='ltr'>apostolicae</span> <span class='ocrx_word' id='word_1_294' title='bbox 267 3211 368 3252; x_wconf 90' lang='lat' dir='ltr'>census</span> <span class='ocrx_word' id='word_1_295' title='bbox 382 3212 447 3253; x_wconf 90' lang='lat' dir='ltr'>snos</span> <span class='ocrx_word' id='word_1_296' title='bbox 460 3196 606 3254; x_wconf 85' lang='lat' dir='ltr'>deferunt:</span> <span class='ocrx_word' id='word_1_297' title='bbox 622 3198 695 3254; x_wconf 90' lang='lat' dir='ltr'>sicut</span> <span class='ocrx_word' id='word_1_298' title='bbox 707 3197 909 3271; x_wconf 77' lang='lat' dir='ltr'>Smyrnaeorum</span> <span class='ocrx_word' id='word_1_299' title='bbox 923 3193 1039 3249; x_wconf 92' lang='lat' dir='ltr'>eeclesia</span> <span class='ocrx_word' id='word_1_300' title='bbox 1056 3193 1236 3266; x_wconf 88' lang='lat' dir='ltr'>Polycarpum</span> 
     </span>
     <span class='ocr_line' id='line_1_33' title="bbox 98 3281 1236 3352; baseline -0.002 -12"><span class='ocrx_word' id='word_1_301' title='bbox 98 3284 134 3340; x_wconf 89' lang='lat' dir='ltr'>ab</span> <span class='ocrx_word' id='word_1_302' title='bbox 158 3285 261 3341; x_wconf 85' lang='lat' dir='ltr'>ioanne</span> <span class='ocrx_word' id='word_1_303' title='bbox 283 3287 454 3342; x_wconf 89' lang='lat' dir='ltr'>conlocatum</span> <span class='ocrx_word' id='word_1_304' title='bbox 474 3286 558 3343; x_wconf 85' lang='lat' dir='ltr'>refert</span> <span class='ocrx_word' id='word_1_305' title='bbox 580 3303 588 3342; x_wconf 90' lang='lat'><strong>:</strong></span> <span class='ocrx_word' id='word_1_306' title='bbox 611 3288 684 3343; x_wconf 89' lang='lat' dir='ltr'>sicut</span> <span class='ocrx_word' id='word_1_307' title='bbox 706 3288 907 3352; x_wconf 88' lang='lat' dir='ltr'>Romanorum,</span> <span class='ocrx_word' id='word_1_308' title='bbox 929 3283 1099 3340; x_wconf 84' lang='lat' dir='ltr'>Clementem</span> <span class='ocrx_word' id='word_1_309' title='bbox 1120 3281 1136 3337; x_wconf 78' lang='lat' dir='ltr'>i</span> <span class='ocrx_word' id='word_1_310' title='bbox 1155 3283 1236 3338; x_wconf 89' lang='lat' dir='ltr'>Petro</span> 
     </span>
     <span class='ocr_line' id='line_1_34' title="bbox 98 3371 1053 3450; baseline -0.004 -18"><span class='ocrx_word' id='word_1_311' title='bbox 98 3375 256 3432; x_wconf 86' lang='lat' dir='ltr'>ordinatum</span> <span class='ocrx_word' id='word_1_312' title='bbox 277 3375 405 3432; x_wconf 87' lang='lat' dir='ltr'>itidem..</span> <span class='ocrx_word' id='word_1_313' title='bbox 417 3416 442 3432; x_wconf 89' lang='lat'>..</span> <span class='ocrx_word' id='word_1_314' title='bbox 460 3377 615 3450; x_wconf 78' lang='lat' dir='ltr'>contingant</span> <span class='ocrx_word' id='word_1_315' title='bbox 629 3378 684 3433; x_wconf 90' lang='lat' dir='ltr'>tale</span> <span class='ocrx_word' id='word_1_316' title='bbox 705 3377 807 3449; x_wconf 92' lang='lat' dir='ltr'>aliquid</span> <span class='ocrx_word' id='word_1_317' title='bbox 827 3375 950 3433; x_wconf 87' lang='lat' dir='ltr'>haeretici</span> <span class='ocrx_word' id='word_1_318' title='bbox 965 3371 1012 3447; x_wconf 60' lang='grc' dir='ltr'>(ἓ)</span> <span class='ocrx_word' id='word_1_319' title='bbox 1028 3392 1053 3427; x_wconf 81' lang='lat' dir='ltr'>a.</span> 
     </span>
    </p>

    <p class='ocr_par' dir='ltr' id='par_1_6' title="bbox 98 3461 1238 4076">
     <span class='ocr_line' id='line_1_35' title="bbox 138 3461 1237 3538; baseline -0.003 -19"><span class='ocrx_word' id='word_1_320' title='bbox 138 3463 205 3532; x_wconf 82' lang='lat' dir='ltr'>Quae</span> <span class='ocrx_word' id='word_1_321' title='bbox 223 3480 309 3535; x_wconf 92' lang='lat' dir='ltr'>quum</span> <span class='ocrx_word' id='word_1_322' title='bbox 323 3465 361 3520; x_wconf 88' lang='lat' dir='ltr'>ita</span> <span class='ocrx_word' id='word_1_323' title='bbox 380 3465 450 3531; x_wconf 93' lang='lat' dir='ltr'>sint,</span> <span class='ocrx_word' id='word_1_324' title='bbox 468 3467 598 3538; x_wconf 91' lang='lat' dir='ltr'>quoniam</span> <span class='ocrx_word' id='word_1_325' title='bbox 612 3481 711 3537; x_wconf 94' lang='lat' dir='ltr'>nempe</span> <span class='ocrx_word' id='word_1_326' title='bbox 724 3464 847 3521; x_wconf 87' lang='lat' dir='ltr'>haeretici</span> <span class='ocrx_word' id='word_1_327' title='bbox 859 3464 893 3519; x_wconf 90' lang='lat' dir='ltr'>ab</span> <span class='ocrx_word' id='word_1_328' title='bbox 912 3461 1051 3534; x_wconf 80' lang='lat' dir='ltr'>Apostolis</span> <span class='ocrx_word' id='word_1_329' title='bbox 1064 3476 1237 3532; x_wconf 91' lang='lat' dir='ltr'>nequaquam</span> 
     </span>
     <span class='ocr_line' id='line_1_36' title="bbox 98 3549 1238 3627; baseline -0.007 -15"><span class='ocrx_word' id='word_1_330' title='bbox 98 3555 235 3627; x_wconf 78' lang='lat' dir='ltr'>originem</span> <span class='ocrx_word' id='word_1_331' title='bbox 267 3555 387 3620; x_wconf 84' lang='lat' dir='ltr'>ducunt,</span> <span class='ocrx_word' id='word_1_332' title='bbox 416 3572 472 3613; x_wconf 92' lang='lat' dir='ltr'>non</span> <span class='ocrx_word' id='word_1_333' title='bbox 504 3567 570 3614; x_wconf 92' lang='lat' dir='ltr'>sunt</span> <span class='ocrx_word' id='word_1_334' title='bbox 594 3554 756 3613; x_wconf 90' lang='lat' dir='ltr'>admittendi</span> <span class='ocrx_word' id='word_1_335' title='bbox 786 3552 820 3608; x_wconf 88' lang='lat' dir='ltr'>ud</span> <span class='ocrx_word' id='word_1_336' title='bbox 845 3553 994 3608; x_wconf 83' lang='lat' dir='ltr'>ineundam</span> <span class='ocrx_word' id='word_1_337' title='bbox 1024 3551 1057 3605; x_wconf 86' lang='lat' dir='ltr'>de</span> <span class='ocrx_word' id='word_1_338' title='bbox 1086 3549 1238 3620; x_wconf 78' lang='lat' dir='ltr'>scriptoris</span> 
     </span>
     <span class='ocr_line' id='line_1_37' title="bbox 98 3638 1238 3719; baseline -0.007 -18"><span class='ocrx_word' id='word_1_339' title='bbox 98 3647 330 3718; x_wconf 63' lang='lat' dir='ltr'>proemisimus,</span> <span class='ocrx_word' id='word_1_340' title='bbox 360 3646 462 3719; x_wconf 93' lang='lat' dir='ltr'>quippe</span> <span class='ocrx_word' id='word_1_341' title='bbox 489 3647 536 3719; x_wconf 92' lang='lat' dir='ltr'>qui</span> <span class='ocrx_word' id='word_1_342' title='bbox 562 3647 706 3704; x_wconf 89' lang='lat' dir='ltr'>christiani</span> <span class='ocrx_word' id='word_1_343' title='bbox 734 3660 788 3700; x_wconf 93' lang='lat' dir='ltr'>non</span> <span class='ocrx_word' id='word_1_344' title='bbox 819 3652 897 3711; x_wconf 90' lang='lat' dir='ltr'>sunt,</span> <span class='ocrx_word' id='word_1_345' title='bbox 927 3652 954 3699; x_wconf 93' lang='lat' dir='ltr'>et</span> <span class='ocrx_word' id='word_1_346' title='bbox 978 3641 1080 3698; x_wconf 90' lang='lat' dir='ltr'>ideirco</span> <span class='ocrx_word' id='word_1_347' title='bbox 1107 3639 1178 3694; x_wconf 91' lang='lat' dir='ltr'>nihil</span> <span class='ocrx_word' id='word_1_348' title='bbox 1207 3638 1238 3694; x_wconf 93' lang='lat' dir='ltr'>in</span> 
     </span>
     <span class='ocr_line' id='line_1_38' title="bbox 101 3730 1237 3808; baseline -0.004 -16"><span class='ocrx_word' id='word_1_349' title='bbox 101 3734 253 3806; x_wconf 88' lang='lat' dir='ltr'>Seriptnris</span> <span class='ocrx_word' id='word_1_350' title='bbox 274 3734 308 3790; x_wconf 85' lang='lat' dir='ltr'>ad</span> <span class='ocrx_word' id='word_1_351' title='bbox 330 3735 406 3807; x_wconf 93' lang='lat' dir='ltr'>ipsos</span> <span class='ocrx_word' id='word_1_352' title='bbox 428 3736 547 3808; x_wconf 90' lang='lat' dir='ltr'>pertinet</span> <span class='ocrx_word' id='word_1_353' title='bbox 567 3754 573 3792; x_wconf 92' lang='lat'>:</span> <span class='ocrx_word' id='word_1_354' title='bbox 590 3736 647 3793; x_wconf 85' lang='lat' dir='ltr'>«Si</span> <span class='ocrx_word' id='word_1_355' title='bbox 666 3737 724 3793; x_wconf 87' lang='lat' dir='ltr'>haec</span> <span class='ocrx_word' id='word_1_356' title='bbox 740 3736 778 3791; x_wconf 91' lang='lat' dir='ltr'>ita</span> <span class='ocrx_word' id='word_1_357' title='bbox 798 3750 828 3791; x_wconf 95' lang='lat' dir='ltr'>se</span> <span class='ocrx_word' id='word_1_358' title='bbox 851 3735 967 3802; x_wconf 89' lang='lat' dir='ltr'>habeut,</span> <span class='ocrx_word' id='word_1_359' title='bbox 986 3741 1017 3788; x_wconf 90' lang='lat' dir='ltr'>ut</span> <span class='ocrx_word' id='word_1_360' title='bbox 1037 3732 1139 3788; x_wconf 90' lang='lat' dir='ltr'>veritas</span> <span class='ocrx_word' id='word_1_361' title='bbox 1156 3730 1237 3787; x_wconf 89' lang='lat' dir='ltr'>nohis</span> 
     </span>
     <span class='ocr_line' id='line_1_39' title="bbox 102 3821 1237 3902; baseline -0.003 -22"><span class='ocrx_word' id='word_1_362' title='bbox 102 3824 287 3897; x_wconf 88' lang='lat' dir='ltr'>adjudicetur,</span> <span class='ocrx_word' id='word_1_363' title='bbox 305 3826 472 3897; x_wconf 90' lang='lat' dir='ltr'>quicumque</span> <span class='ocrx_word' id='word_1_364' title='bbox 486 3826 515 3880; x_wconf 96' lang='lat' dir='ltr'>in</span> <span class='ocrx_word' id='word_1_365' title='bbox 529 3842 560 3883; x_wconf 92' lang='lat' dir='ltr'>ea</span> <span class='ocrx_word' id='word_1_366' title='bbox 577 3828 670 3902; x_wconf 79' lang='lat' dir='ltr'>regula</span> <span class='ocrx_word' id='word_1_367' title='bbox 685 3825 852 3891; x_wconf 90' lang='lat' dir='ltr'>incedimus,</span> <span class='ocrx_word' id='word_1_368' title='bbox 869 3841 950 3896; x_wconf 92' lang='lat' dir='ltr'>quam</span> <span class='ocrx_word' id='word_1_369' title='bbox 964 3823 1087 3880; x_wconf 83' lang='lat' dir='ltr'>Ecclesia</span> <span class='ocrx_word' id='word_1_370' title='bbox 1102 3823 1136 3878; x_wconf 91' lang='lat' dir='ltr'>ah</span> <span class='ocrx_word' id='word_1_371' title='bbox 1149 3821 1237 3894; x_wconf 76' lang='lat' dir='ltr'>Apos-</span> 
     </span>
     <span class='ocr_line' id='line_1_40' title="bbox 104 3913 1237 3986; baseline -0.002 -16"><span class='ocrx_word' id='word_1_372' title='bbox 104 3915 185 3979; x_wconf 80' lang='lat' dir='ltr'>tol1s‚</span> <span class='ocrx_word' id='word_1_373' title='bbox 211 3913 334 3986; x_wconf 84' lang='lat' dir='ltr'>Apostoli</span> <span class='ocrx_word' id='word_1_374' title='bbox 353 3932 369 3970; x_wconf 90' lang='lat' dir='ltr'>a</span> <span class='ocrx_word' id='word_1_375' title='bbox 391 3914 516 3982; x_wconf 85' lang='lat' dir='ltr'>Christo,</span> <span class='ocrx_word' id='word_1_376' title='bbox 541 3915 669 3974; x_wconf 86' lang='lat' dir='ltr'>Christus</span> <span class='ocrx_word' id='word_1_377' title='bbox 687 3931 702 3971; x_wconf 88' lang='lat' dir='ltr'>a</span> <span class='ocrx_word' id='word_1_378' title='bbox 725 3915 781 3972; x_wconf 80' lang='lat' dir='ltr'>lico</span> <span class='ocrx_word' id='word_1_379' title='bbox 802 3917 931 3982; x_wconf 87' lang='lat' dir='ltr'>tradidit,</span> <span class='ocrx_word' id='word_1_380' title='bbox 957 3923 1063 3971; x_wconf 88' lang='lat' dir='ltr'>constat</span> <span class='ocrx_word' id='word_1_381' title='bbox 1082 3915 1151 3970; x_wconf 90' lang='lat' dir='ltr'>ratio</span> <span class='ocrx_word' id='word_1_382' title='bbox 1173 3928 1237 3985; x_wconf 91' lang='lat' dir='ltr'>pro-</span> 
     </span>
     <span class='ocr_line' id='line_1_41' title="bbox 105 4003 1238 4076; baseline -0.002 -16"><span class='ocrx_word' id='word_1_383' title='bbox 105 4003 188 4076; x_wconf 92' lang='lat' dir='ltr'>positi</span> <span class='ocrx_word' id='word_1_384' title='bbox 208 4003 312 4071; x_wconf 89' lang='lat' dir='ltr'>nustri,</span> <span class='ocrx_word' id='word_1_385' title='bbox 336 4005 493 4064; x_wconf 81' lang='lat' dir='ltr'>definientis</span> <span class='ocrx_word' id='word_1_386' title='bbox 515 4022 570 4065; x_wconf 91' lang='lat' dir='ltr'>non</span> <span class='ocrx_word' id='word_1_387' title='bbox 593 4022 654 4065; x_wconf 93' lang='lat' dir='ltr'>esse</span> <span class='ocrx_word' id='word_1_388' title='bbox 672 4005 855 4064; x_wconf 91' lang='lat' dir='ltr'>admittendos</span> <span class='ocrx_word' id='word_1_389' title='bbox 875 4005 1018 4064; x_wconf 84' lang='lat' dir='ltr'>haereticos</span> <span class='ocrx_word' id='word_1_390' title='bbox 1038 4005 1071 4062; x_wconf 91' lang='lat' dir='ltr'>ad</span> <span class='ocrx_word' id='word_1_391' title='bbox 1089 4003 1238 4061; x_wconf 89' lang='lat' dir='ltr'>ineundam</span> 
     </span>
    </p>
   </div>
   <div class='ocr_carea' id='block_1_3' title="bbox 0 0 1602 5168">
    <p class='ocr_par' dir='ltr' id='par_1_7' title="bbox 0 0 1602 5168">
     <span class='ocr_line' id='line_1_42' title="bbox 0 0 1602 5168; baseline 0 0"><span class='ocrx_word' id='word_1_392' title='bbox 0 0 1602 5168; x_wconf 95' lang='lat' dir='ltr'> </span> 
     </span>
    </p>
   </div>
  </div>
 </body>
</html>
