<?xml version="1.0" encoding="UTF-8"?>
<!DOCTYPE html PUBLIC "-//W3C//DTD XHTML 1.0 Transitional//EN"
    "http://www.w3.org/TR/xhtml1/DTD/xhtml1-transitional.dtd">
<html xmlns="http://www.w3.org/1999/xhtml" xml:lang="en" lang="en">
 <head>
  <title>
</title>
<meta http-equiv="Content-Type" content="text/html;charset=utf-8" />
  <meta name='ocr-system' content='tesseract 3.04.00' />
  <meta name='ocr-capabilities' content='ocr_page ocr_carea ocr_par ocr_line ocrx_word'/>
</head>
<body>
  <div class='ocr_page' id='page_1' title='image "./dissertatiohist00lafogoog_0118.png"; bbox 0 0 3150 5160; ppageno 0'>
   <div class='ocr_carea' id='block_1_1' title="bbox 528 360 1354 420">
    <p class='ocr_par' dir='ltr' id='par_1_1' title="bbox 528 360 1354 420">
     <span class='ocr_line' id='line_1_1' title="bbox 528 360 1354 420; baseline 0.002 -2"><span class='ocrx_word' id='word_1_1' title='bbox 528 373 647 418; x_wconf 79' lang='lat' dir='ltr'><strong>necans.</strong></span> <span class='ocrx_word' id='word_1_2' title='bbox 670 372 757 417; x_wconf 76' lang='lat' dir='ltr'><strong>carn.</strong></span> <span class='ocrx_word' id='word_1_3' title='bbox 779 371 853 417; x_wconf 79' lang='lat' dir='ltr'><strong>non.</strong></span> <span class='ocrx_word' id='word_1_4' title='bbox 876 370 1036 416; x_wconf 84' lang='lat' dir='ltr'><strong>uocrnruu.</strong></span> <span class='ocrx_word' id='word_1_5' title='bbox 1295 360 1354 420; x_wconf 79' lang='lat' dir='ltr'><strong>l05</strong></span> 
     </span>
    </p>
   </div>
   <div class='ocr_carea' id='block_1_2' title="bbox 206 515 1359 4125">
    <p class='ocr_par' dir='ltr' id='par_1_2' title="bbox 211 515 1357 1766">
     <span class='ocr_line' id='line_1_2' title="bbox 212 515 1356 598; baseline -0.002 -18"><span class='ocrx_word' id='word_1_6' title='bbox 212 532 346 598; x_wconf 88' lang='lat' dir='ltr'><strong>perpetuo</strong></span> <span class='ocrx_word' id='word_1_7' title='bbox 366 521 402 581; x_wconf 92' lang='lat' dir='ltr'><strong>ob</strong></span> <span class='ocrx_word' id='word_1_8' title='bbox 418 520 515 578; x_wconf 86' lang='lat' dir='ltr'><strong>oculos</strong></span> <span class='ocrx_word' id='word_1_9' title='bbox 527 533 699 592; x_wconf 87' lang='lat' dir='ltr'><strong>proponens,</strong></span> <span class='ocrx_word' id='word_1_10' title='bbox 713 525 745 574; x_wconf 91' lang='lat' dir='ltr'><strong>ut</strong></span> <span class='ocrx_word' id='word_1_11' title='bbox 764 515 882 574; x_wconf 89' lang='lat' dir='ltr'><strong>sublatis</strong></span> <span class='ocrx_word' id='word_1_12' title='bbox 897 516 1055 583; x_wconf 81' lang='lat' dir='ltr'><strong>erroribus,</strong></span> <span class='ocrx_word' id='word_1_13' title='bbox 1073 517 1182 590; x_wconf 86' lang='lat' dir='ltr'><strong>puritas</strong></span> <span class='ocrx_word' id='word_1_14' title='bbox 1196 517 1256 592; x_wconf 90' lang='lat' dir='ltr'><strong>ipsa</strong></span> <span class='ocrx_word' id='word_1_15' title='bbox 1273 535 1356 578; x_wconf 74' lang='lat' dir='ltr'><strong>soon</strong></span> 
     </span>
     <span class='ocr_line' id='line_1_3' title="bbox 211 607 1356 688; baseline -0.003 -17"><span class='ocrx_word' id='word_1_16' title='bbox 211 616 278 688; x_wconf 74' lang='lat' dir='ltr'><strong>petii</strong></span> <span class='ocrx_word' id='word_1_17' title='bbox 296 613 326 671; x_wconf 94' lang='lat' dir='ltr'><strong>in</strong></span> <span class='ocrx_word' id='word_1_18' title='bbox 343 610 468 669; x_wconf 81' lang='lat' dir='ltr'><strong>Ecclesia</strong></span> <span class='ocrx_word' id='word_1_19' title='bbox 486 618 667 667; x_wconf 86' lang='lat' dir='ltr'><strong>conservetur</strong></span> <span class='ocrx_word' id='word_1_20' title='bbox 687 625 694 664; x_wconf 76' lang='grc' dir='ltr'><strong>ε</strong></span> <span class='ocrx_word' id='word_1_21' title='bbox 717 607 791 680; x_wconf 92' lang='lat' dir='ltr'><strong>quod</strong></span> <span class='ocrx_word' id='word_1_22' title='bbox 811 607 981 680; x_wconf 90' lang='lat' dir='ltr'><strong>promissum</strong></span> <span class='ocrx_word' id='word_1_23' title='bbox 998 615 1064 664; x_wconf 88' lang='lat' dir='ltr'><strong>ante</strong></span> <span class='ocrx_word' id='word_1_24' title='bbox 1085 623 1137 680; x_wconf 89' lang='lat' dir='ltr'><strong>per</strong></span> <span class='ocrx_word' id='word_1_25' title='bbox 1156 608 1307 681; x_wconf 89' lang='lat' dir='ltr'><strong>prophetas</strong></span> <span class='ocrx_word' id='word_1_26' title='bbox 1327 611 1356 668; x_wconf 91' lang='lat' dir='ltr'><strong>in</strong></span> 
     </span>
     <span class='ocr_line' id='line_1_4' title="bbox 211 695 1357 778; baseline -0.004 -15"><span class='ocrx_word' id='word_1_27' title='bbox 211 704 364 778; x_wconf 89' lang='lat' dir='ltr'><strong>Scripturis</strong></span> <span class='ocrx_word' id='word_1_28' title='bbox 387 701 506 768; x_wconf 90' lang='lat' dir='ltr'><strong>sanctis,</strong></span> <span class='ocrx_word' id='word_1_29' title='bbox 525 699 661 757; x_wconf 83' lang='lat' dir='ltr'><strong>Dominus</strong></span> <span class='ocrx_word' id='word_1_30' title='bbox 682 705 778 754; x_wconf 92' lang='lat' dir='ltr'><strong>noster</strong></span> <span class='ocrx_word' id='word_1_31' title='bbox 794 697 877 754; x_wconf 82' lang='lat' dir='ltr'><strong>lesus</strong></span> <span class='ocrx_word' id='word_1_32' title='bbox 897 695 1028 754; x_wconf 78' lang='lat' dir='ltr'><strong>Christus</strong></span> <span class='ocrx_word' id='word_1_33' title='bbox 1049 697 1098 754; x_wconf 80' lang='lat' dir='ltr'><strong>liei</strong></span> <span class='ocrx_word' id='word_1_34' title='bbox 1122 698 1226 767; x_wconf 82' lang='lat' dir='ltr'><strong>Filius,</strong></span> <span class='ocrx_word' id='word_1_35' title='bbox 1246 700 1357 773; x_wconf 90' lang='lat' dir='ltr'><strong>proprio</strong></span> 
     </span>
     <span class='ocr_line' id='line_1_5' title="bbox 212 786 1357 869; baseline -0.005 -16"><span class='ocrx_word' id='word_1_36' title='bbox 212 811 263 853; x_wconf 93' lang='lat' dir='ltr'><strong>ore</strong></span> <span class='ocrx_word' id='word_1_37' title='bbox 281 795 403 869; x_wconf 89' lang='lat' dir='ltr'><strong>primurn</strong></span> <span class='ocrx_word' id='word_1_38' title='bbox 419 790 623 865; x_wconf 81' lang='lat' dir='ltr'><strong>promulgavit:</strong></span> <span class='ocrx_word' id='word_1_39' title='bbox 638 787 739 846; x_wconf 89' lang='lat' dir='ltr'><strong>deinde</strong></span> <span class='ocrx_word' id='word_1_40' title='bbox 758 801 808 861; x_wconf 88' lang='lat' dir='ltr'><strong>per</strong></span> <span class='ocrx_word' id='word_1_41' title='bbox 829 802 896 845; x_wconf 94' lang='lat' dir='ltr'><strong>suos</strong></span> <span class='ocrx_word' id='word_1_42' title='bbox 916 786 1063 860; x_wconf 77' lang='lat' dir='ltr'>Apostolos</span> <span class='ocrx_word' id='word_1_43' title='bbox 1087 797 1228 862; x_wconf 88' lang='lat' dir='ltr'><strong>tamquam</strong></span> <span class='ocrx_word' id='word_1_44' title='bbox 1252 789 1357 848; x_wconf 72' lang='lat' dir='ltr'><strong>ionmm</strong></span> 
     </span>
     <span class='ocr_line' id='line_1_6' title="bbox 212 877 1357 954; baseline -0.004 -10"><span class='ocrx_word' id='word_1_45' title='bbox 212 886 305 944; x_wconf 89' lang='lat' dir='ltr'><strong>omnis</strong></span> <span class='ocrx_word' id='word_1_46' title='bbox 318 893 347 941; x_wconf 92' lang='lat' dir='ltr'><strong>et</strong></span> <span class='ocrx_word' id='word_1_47' title='bbox 360 882 491 940; x_wconf 86' lang='lat' dir='ltr'><strong>salutaris</strong></span> <span class='ocrx_word' id='word_1_48' title='bbox 504 879 646 946; x_wconf 83' lang='lat' dir='ltr'><strong>veritatis,</strong></span> <span class='ocrx_word' id='word_1_49' title='bbox 661 887 690 935; x_wconf 88' lang='lat' dir='ltr'><strong>et</strong></span> <span class='ocrx_word' id='word_1_50' title='bbox 708 893 818 936; x_wconf 90' lang='lat' dir='ltr'><strong>morum</strong></span> <span class='ocrx_word' id='word_1_51' title='bbox 836 877 1006 951; x_wconf 84' lang='lat' dir='ltr'><strong>disciplinae,</strong></span> <span class='ocrx_word' id='word_1_52' title='bbox 1019 878 1095 937; x_wconf 90' lang='lat' dir='ltr'><strong>omni</strong></span> <span class='ocrx_word' id='word_1_53' title='bbox 1109 889 1243 937; x_wconf 78' lang='lat' dir='ltr'><strong>creaturae</strong></span> <span class='ocrx_word' id='word_1_54' title='bbox 1258 881 1357 954; x_wconf 84' lang='lat' dir='ltr'><strong>praedi·</strong></span> 
     </span>
     <span class='ocr_line' id='line_1_7' title="bbox 211 968 1355 1047; baseline -0.002 -15"><span class='ocrx_word' id='word_1_55' title='bbox 211 975 269 1032; x_wconf 80' lang='lat' dir='ltr'><strong>(ari</strong></span> <span class='ocrx_word' id='word_1_56' title='bbox 288 974 373 1047; x_wconf 85' lang='lat' dir='ltr'><strong>jussit</strong></span> <span class='ocrx_word' id='word_1_57' title='bbox 391 992 398 1032; x_wconf 75' lang='grc' dir='ltr'><strong>ε</strong></span> <span class='ocrx_word' id='word_1_58' title='bbox 416 971 644 1046; x_wconf 80' lang='lat' dir='ltr'><strong>perspiciensque</strong></span> <span class='ocrx_word' id='word_1_59' title='bbox 663 969 736 1026; x_wconf 86' lang='lat' dir='ltr'><strong>hane</strong></span> <span class='ocrx_word' id='word_1_60' title='bbox 754 969 900 1026; x_wconf 85' lang='lat' dir='ltr'><strong>veritatem</strong></span> <span class='ocrx_word' id='word_1_61' title='bbox 922 977 951 1026; x_wconf 89' lang='lat' dir='ltr'><strong>et</strong></span> <span class='ocrx_word' id='word_1_62' title='bbox 968 968 1146 1043; x_wconf 83' lang='lat' dir='ltr'><strong>disciplinam</strong></span> <span class='ocrx_word' id='word_1_63' title='bbox 1165 971 1310 1029; x_wconf 89' lang='lat' dir='ltr'><strong>contineri·</strong></span> <span class='ocrx_word' id='word_1_64' title='bbox 1324 973 1355 1030; x_wconf 96' lang='lat' dir='ltr'><strong>in</strong></span> 
     </span>
     <span class='ocr_line' id='line_1_8' title="bbox 214 1059 1355 1136; baseline 0.001 -15"><span class='ocrx_word' id='word_1_65' title='bbox 214 1065 295 1122; x_wconf 91' lang='lat' dir='ltr'><strong>libris</strong></span> <span class='ocrx_word' id='word_1_66' title='bbox 312 1063 439 1136; x_wconf 85' lang='lat' dir='ltr'><strong>seriptis,</strong></span> <span class='ocrx_word' id='word_1_67' title='bbox 456 1071 487 1119; x_wconf 88' lang='lat' dir='ltr'><strong>et</strong></span> <span class='ocrx_word' id='word_1_68' title='bbox 507 1059 569 1118; x_wconf 86' lang='lat' dir='ltr'><strong>sine</strong></span> <span class='ocrx_word' id='word_1_69' title='bbox 587 1059 692 1133; x_wconf 90' lang='lat' dir='ltr'><strong>scripto</strong></span> <span class='ocrx_word' id='word_1_70' title='bbox 712 1059 924 1127; x_wconf 77' lang='lat' dir='ltr'><strong>traditionibus,</strong></span> <span class='ocrx_word' id='word_1_71' title='bbox 944 1075 1005 1132; x_wconf 83' lang='lat' dir='ltr'><strong>quae</strong></span> <span class='ocrx_word' id='word_1_72' title='bbox 1020 1060 1110 1134; x_wconf 90' lang='lat' dir='ltr'><strong>ipsius</strong></span> <span class='ocrx_word' id='word_1_73' title='bbox 1128 1060 1232 1119; x_wconf 82' lang='lat' dir='ltr'><strong>Christi</strong></span> <span class='ocrx_word' id='word_1_74' title='bbox 1254 1078 1303 1122; x_wconf 92' lang='lat' dir='ltr'><strong>ore</strong></span> <span class='ocrx_word' id='word_1_75' title='bbox 1319 1062 1355 1123; x_wconf 81' lang='lat' dir='ltr'><strong>ab</strong></span> 
     </span>
     <span class='ocr_line' id='line_1_9' title="bbox 212 1149 1356 1228; baseline -0.001 -16"><span class='ocrx_word' id='word_1_76' title='bbox 212 1155 354 1228; x_wconf 79' lang='lat' dir='ltr'><strong>Apostolis</strong></span> <span class='ocrx_word' id='word_1_77' title='bbox 366 1162 499 1226; x_wconf 87' lang='lat' dir='ltr'><strong>acceptae,</strong></span> <span class='ocrx_word' id='word_1_78' title='bbox 512 1160 561 1208; x_wconf 86' lang='lat' dir='ltr'><strong>aut</strong></span> <span class='ocrx_word' id='word_1_79' title='bbox 579 1151 615 1208; x_wconf 91' lang='lat' dir='ltr'><strong>ab</strong></span> <span class='ocrx_word' id='word_1_80' title='bbox 634 1150 704 1223; x_wconf 86' lang='lat' dir='ltr'><strong>ipsis</strong></span> <span class='ocrx_word' id='word_1_81' title='bbox 721 1149 877 1224; x_wconf 70' lang='lat' dir='ltr'><strong>sportulis,</strong></span> <span class='ocrx_word' id='word_1_82' title='bbox 894 1149 1000 1223; x_wconf 89' lang='lat' dir='ltr'><strong>Spiritu</strong></span> <span class='ocrx_word' id='word_1_83' title='bbox 1013 1160 1110 1207; x_wconf 92' lang='lat' dir='ltr'><strong>sancto</strong></span> <span class='ocrx_word' id='word_1_84' title='bbox 1122 1150 1260 1218; x_wconf 87' lang='lat' dir='ltr'><strong>dictante,</strong></span> <span class='ocrx_word' id='word_1_85' title='bbox 1275 1154 1356 1227; x_wconf 88' lang='lat' dir='ltr'><strong>quasi</strong></span> 
     </span>
     <span class='ocr_line' id='line_1_10' title="bbox 213 1240 1356 1317; baseline -0.002 -15"><span class='ocrx_word' id='word_1_86' title='bbox 213 1259 264 1317; x_wconf 87' lang='lat' dir='ltr'><strong>per</strong></span> <span class='ocrx_word' id='word_1_87' title='bbox 285 1259 384 1301; x_wconf 89' lang='lat' dir='ltr'><strong>manus</strong></span> <span class='ocrx_word' id='word_1_88' title='bbox 405 1242 528 1310; x_wconf 88' lang='lat' dir='ltr'><strong>traditae,</strong></span> <span class='ocrx_word' id='word_1_89' title='bbox 546 1241 583 1299; x_wconf 87' lang='lat' dir='ltr'><strong>ad</strong></span> <span class='ocrx_word' id='word_1_90' title='bbox 601 1257 653 1297; x_wconf 93' lang='lat' dir='ltr'><strong>nos</strong></span> <span class='ocrx_word' id='word_1_91' title='bbox 672 1249 987 1313; x_wconf 84' lang='lat' dir='ltr'><strong>usque-pervenerunt:</strong></span> <span class='ocrx_word' id='word_1_92' title='bbox 1004 1240 1220 1298; x_wconf 82' lang='lat' dir='ltr'><strong>orthodoxorum</strong></span> <span class='ocrx_word' id='word_1_93' title='bbox 1242 1243 1356 1300; x_wconf 82' lang='lat' dir='ltr'><strong>Petrum</strong></span> 
     </span>
     <span class='ocr_line' id='line_1_11' title="bbox 211 1329 1356 1407; baseline -0.001 -15"><span class='ocrx_word' id='word_1_94' title='bbox 211 1335 339 1407; x_wconf 85' lang='lat' dir='ltr'><strong>exempla</strong></span> <span class='ocrx_word' id='word_1_95' title='bbox 357 1341 468 1400; x_wconf 89' lang='lat' dir='ltr'><strong>secuta,</strong></span> <span class='ocrx_word' id='word_1_96' title='bbox 487 1347 584 1390; x_wconf 92' lang='lat' dir='ltr'><strong>omnes</strong></span> <span class='ocrx_word' id='word_1_97' title='bbox 602 1331 689 1389; x_wconf 90' lang='lat' dir='ltr'><strong>libros</strong></span> <span class='ocrx_word' id='word_1_98' title='bbox 709 1339 766 1387; x_wconf 90' lang='lat' dir='ltr'><strong>tam</strong></span> <span class='ocrx_word' id='word_1_99' title='bbox 784 1329 888 1386; x_wconf 89' lang='lat' dir='ltr'><strong>veteris</strong></span> <span class='ocrx_word' id='word_1_100' title='bbox 906 1345 989 1401; x_wconf 85' lang='lat' dir='ltr'><strong>quam</strong></span> <span class='ocrx_word' id='word_1_101' title='bbox 1007 1331 1072 1387; x_wconf 90' lang='lat' dir='ltr'><strong>nori</strong></span> <span class='ocrx_word' id='word_1_102' title='bbox 1090 1331 1274 1402; x_wconf 77' lang='lat' dir='ltr'><strong>Testamenti,</strong></span> <span class='ocrx_word' id='word_1_103' title='bbox 1291 1346 1356 1391; x_wconf 85' lang='lat' dir='ltr'><strong>curn</strong></span> 
     </span>
     <span class='ocr_line' id='line_1_12' title="bbox 213 1421 1356 1496; baseline 0 -16"><span class='ocrx_word' id='word_1_104' title='bbox 213 1424 361 1496; x_wconf 89' lang='lat' dir='ltr'><strong>utriusque</strong></span> <span class='ocrx_word' id='word_1_105' title='bbox 379 1439 453 1480; x_wconf 89' lang='lat' dir='ltr'><strong>unus</strong></span> <span class='ocrx_word' id='word_1_106' title='bbox 472 1422 545 1480; x_wconf 88' lang='lat' dir='ltr'><strong>bens</strong></span> <span class='ocrx_word' id='word_1_107' title='bbox 561 1422 599 1479; x_wconf 90' lang='lat' dir='ltr'><strong>sit</strong></span> <span class='ocrx_word' id='word_1_108' title='bbox 617 1430 728 1488; x_wconf 88' lang='lat' dir='ltr'><strong>auctor,</strong></span> <span class='ocrx_word' id='word_1_109' title='bbox 741 1435 845 1476; x_wconf 75' lang='lat' dir='ltr'><strong>menon</strong></span> <span class='ocrx_word' id='word_1_110' title='bbox 864 1421 1024 1476; x_wconf 73' lang='lat' dir='ltr'><strong>traditiones</strong></span> <span class='ocrx_word' id='word_1_111' title='bbox 1035 1421 1124 1492; x_wconf 85' lang='lat' dir='ltr'><strong>ipsos,</strong></span> <span class='ocrx_word' id='word_1_112' title='bbox 1137 1431 1198 1479; x_wconf 90' lang='lat' dir='ltr'><strong>tum</strong></span> <span class='ocrx_word' id='word_1_113' title='bbox 1209 1423 1244 1481; x_wconf 91' lang='lat' dir='ltr'><strong>ad</strong></span> <span class='ocrx_word' id='word_1_114' title='bbox 1257 1423 1356 1493; x_wconf 80' lang='lat' dir='ltr'><strong>tidem,</strong></span> 
     </span>
     <span class='ocr_line' id='line_1_13' title="bbox 213 1508 1357 1589; baseline 0.001 -18"><span class='ocrx_word' id='word_1_115' title='bbox 213 1523 274 1571; x_wconf 91' lang='lat' dir='ltr'><strong>tum</strong></span> <span class='ocrx_word' id='word_1_116' title='bbox 291 1513 326 1570; x_wconf 88' lang='lat' dir='ltr'><strong>ad</strong></span> <span class='ocrx_word' id='word_1_117' title='bbox 343 1529 435 1571; x_wconf 90' lang='lat' dir='ltr'><strong>mores</strong></span> <span class='ocrx_word' id='word_1_118' title='bbox 453 1513 640 1586; x_wconf 84' lang='lat' dir='ltr'><strong>pertinentes,</strong></span> <span class='ocrx_word' id='word_1_119' title='bbox 658 1519 798 1581; x_wconf 89' lang='lat' dir='ltr'><strong>tamquam</strong></span> <span class='ocrx_word' id='word_1_120' title='bbox 816 1508 861 1566; x_wconf 85' lang='lat' dir='ltr'><strong>rel</strong></span> <span class='ocrx_word' id='word_1_121' title='bbox 880 1523 929 1567; x_wconf 86' lang='lat' dir='ltr'><strong>oro</strong></span> <span class='ocrx_word' id='word_1_122' title='bbox 942 1517 1025 1568; x_wconf 89' lang='lat' dir='ltr'><strong>tenus</strong></span> <span class='ocrx_word' id='word_1_123' title='bbox 1037 1526 1054 1567; x_wconf 87' lang='lat' dir='ltr'><strong>a</strong></span> <span class='ocrx_word' id='word_1_124' title='bbox 1066 1511 1195 1580; x_wconf 83' lang='lat' dir='ltr'><strong>Christo,</strong></span> <span class='ocrx_word' id='word_1_125' title='bbox 1207 1515 1252 1572; x_wconf 85' lang='lat' dir='ltr'><strong>uel</strong></span> <span class='ocrx_word' id='word_1_126' title='bbox 1265 1529 1281 1570; x_wconf 86' lang='lat' dir='ltr'><strong>a</strong></span> <span class='ocrx_word' id='word_1_127' title='bbox 1294 1513 1357 1589; x_wconf 85' lang='lat' dir='ltr'><strong>Spi-</strong></span> 
     </span>
     <span class='ocr_line' id='line_1_14' title="bbox 213 1601 1357 1672; baseline 0.003 -10"><span class='ocrx_word' id='word_1_128' title='bbox 213 1606 270 1662; x_wconf 83' lang='lat' dir='ltr'><strong>ritu</strong></span> <span class='ocrx_word' id='word_1_129' title='bbox 284 1615 381 1662; x_wconf 87' lang='lat' dir='ltr'><strong>sancto</strong></span> <span class='ocrx_word' id='word_1_130' title='bbox 399 1605 531 1672; x_wconf 88' lang='lat' dir='ltr'><strong>dictatas,</strong></span> <span class='ocrx_word' id='word_1_131' title='bbox 549 1609 573 1659; x_wconf 86' lang='lat' dir='ltr'><strong>et</strong></span> <span class='ocrx_word' id='word_1_132' title='bbox 590 1603 723 1658; x_wconf 75' lang='lat' dir='ltr'><strong>coartiano</strong></span> <span class='ocrx_word' id='word_1_133' title='bbox 738 1601 902 1657; x_wconf 84' lang='lat' dir='ltr'><strong>successione</strong></span> <span class='ocrx_word' id='word_1_134' title='bbox 920 1603 953 1657; x_wconf 88' lang='lat' dir='ltr'><strong>in</strong></span> <span class='ocrx_word' id='word_1_135' title='bbox 967 1601 1087 1659; x_wconf 84' lang='lat' dir='ltr'><strong>Ecclesia</strong></span> <span class='ocrx_word' id='word_1_136' title='bbox 1104 1605 1237 1663; x_wconf 75' lang='lat' dir='ltr'><strong>catholieo</strong></span> <span class='ocrx_word' id='word_1_137' title='bbox 1253 1623 1357 1665; x_wconf 61' lang='lat' dir='ltr'><strong>eonem</strong></span> 
     </span>
     <span class='ocr_line' id='line_1_15' title="bbox 211 1693 1227 1766; baseline -0.003 -13"><span class='ocrx_word' id='word_1_138' title='bbox 211 1701 307 1763; x_wconf 84' lang='lat' dir='ltr'><strong>catos,</strong></span> <span class='ocrx_word' id='word_1_139' title='bbox 324 1697 391 1766; x_wconf 88' lang='lat' dir='ltr'><strong>pari</strong></span> <span class='ocrx_word' id='word_1_140' title='bbox 407 1695 520 1765; x_wconf 87' lang='lat' dir='ltr'><strong>pietatis</strong></span> <span class='ocrx_word' id='word_1_141' title='bbox 537 1694 632 1763; x_wconf 73' lang='lat' dir='ltr'><strong>offertut</strong></span> <span class='ocrx_word' id='word_1_142' title='bbox 650 1707 683 1748; x_wconf 88' lang='lat' dir='ltr'><strong>oe</strong></span> <span class='ocrx_word' id='word_1_143' title='bbox 700 1695 852 1748; x_wconf 85' lang='lat' dir='ltr'><strong>reuerentia</strong></span> <span class='ocrx_word' id='word_1_144' title='bbox 867 1693 983 1764; x_wconf 74' lang='lat' dir='ltr'><strong>sarapis</strong></span> <span class='ocrx_word' id='word_1_145' title='bbox 998 1697 1024 1748; x_wconf 87' lang='lat' dir='ltr'><strong>et</strong></span> <span class='ocrx_word' id='word_1_146' title='bbox 1034 1702 1190 1752; x_wconf 65' lang='lat' dir='ltr'><strong>amamur.</strong></span> <span class='ocrx_word' id='word_1_147' title='bbox 1209 1714 1227 1750; x_wconf 86' lang='lat' dir='ltr'><strong>n</strong></span> 
     </span>
    </p>

    <p class='ocr_par' dir='ltr' id='par_1_3' title="bbox 209 1782 1357 2222">
     <span class='ocr_line' id='line_1_16' title="bbox 250 1782 1355 1857; baseline 0.002 -15"><span class='ocrx_word' id='word_1_148' title='bbox 250 1784 408 1842; x_wconf 88' lang='lat' dir='ltr'><strong>Recensitis</strong></span> <span class='ocrx_word' id='word_1_149' title='bbox 419 1798 484 1841; x_wconf 86' lang='lat' dir='ltr'><strong>vero</strong></span> <span class='ocrx_word' id='word_1_150' title='bbox 498 1782 578 1839; x_wconf 91' lang='lat' dir='ltr'><strong>libris</strong></span> <span class='ocrx_word' id='word_1_151' title='bbox 590 1798 661 1855; x_wconf 94' lang='lat' dir='ltr'><strong>quos</strong></span> <span class='ocrx_word' id='word_1_152' title='bbox 678 1790 710 1837; x_wconf 94' lang='lat' dir='ltr'><strong>ut</strong></span> <span class='ocrx_word' id='word_1_153' title='bbox 720 1797 815 1840; x_wconf 88' lang='lat' dir='ltr'><strong>sacros</strong></span> <span class='ocrx_word' id='word_1_154' title='bbox 828 1790 857 1840; x_wconf 92' lang='lat' dir='ltr'><strong>et</strong></span> <span class='ocrx_word' id='word_1_155' title='bbox 868 1782 1015 1840; x_wconf 90' lang='lat' dir='ltr'><strong>canonicos</strong></span> <span class='ocrx_word' id='word_1_156' title='bbox 1028 1784 1158 1857; x_wconf 81' lang='lat' dir='ltr'><strong>suscipit,</strong></span> <span class='ocrx_word' id='word_1_157' title='bbox 1171 1785 1249 1843; x_wconf 87' lang='lat' dir='ltr'><strong>addit</strong></span> <span class='ocrx_word' id='word_1_158' title='bbox 1261 1796 1355 1844; x_wconf 89' lang='lat' dir='ltr'><strong>sancta</strong></span> 
     </span>
     <span class='ocr_line' id='line_1_17' title="bbox 209 1871 1356 1950; baseline 0 -17"><span class='ocrx_word' id='word_1_159' title='bbox 209 1875 356 1950; x_wconf 76' lang='lat' dir='ltr'><strong>synodus:</strong></span> <span class='ocrx_word' id='word_1_160' title='bbox 372 1894 387 1928; x_wconf 79' lang='lat' dir='ltr'><strong>n</strong></span> <span class='ocrx_word' id='word_1_161' title='bbox 403 1873 433 1931; x_wconf 88' lang='lat' dir='ltr'><strong>Si</strong></span> <span class='ocrx_word' id='word_1_162' title='bbox 446 1873 511 1946; x_wconf 88' lang='lat' dir='ltr'><strong>quis</strong></span> <span class='ocrx_word' id='word_1_163' title='bbox 532 1881 626 1930; x_wconf 88' lang='lat' dir='ltr'><strong>autem</strong></span> <span class='ocrx_word' id='word_1_164' title='bbox 643 1871 730 1930; x_wconf 87' lang='lat' dir='ltr'><strong>libros</strong></span> <span class='ocrx_word' id='word_1_165' title='bbox 747 1873 824 1946; x_wconf 92' lang='lat' dir='ltr'><strong>ipsos</strong></span> <span class='ocrx_word' id='word_1_166' title='bbox 842 1874 966 1949; x_wconf 81' lang='lat' dir='ltr'><strong>integros</strong></span> <span class='ocrx_word' id='word_1_167' title='bbox 983 1889 1048 1930; x_wconf 87' lang='lat' dir='ltr'><strong>cum</strong></span> <span class='ocrx_word' id='word_1_168' title='bbox 1064 1875 1195 1933; x_wconf 87' lang='lat' dir='ltr'><strong>omnibus</strong></span> <span class='ocrx_word' id='word_1_169' title='bbox 1212 1875 1356 1950; x_wconf 84' lang='lat' dir='ltr'><strong>suispar·</strong></span> 
     </span>
     <span class='ocr_line' id='line_1_18' title="bbox 211 1964 1356 2040; baseline -0.001 -16"><span class='ocrx_word' id='word_1_170' title='bbox 211 1967 309 2034; x_wconf 88' lang='lat' dir='ltr'><strong>tibus,</strong></span> <span class='ocrx_word' id='word_1_171' title='bbox 326 1974 409 2038; x_wconf 90' lang='lat' dir='ltr'><strong>prout</strong></span> <span class='ocrx_word' id='word_1_172' title='bbox 428 1965 458 2021; x_wconf 92' lang='lat' dir='ltr'><strong>in</strong></span> <span class='ocrx_word' id='word_1_173' title='bbox 476 1965 600 2022; x_wconf 81' lang='lat' dir='ltr'><strong>Ecclesia</strong></span> <span class='ocrx_word' id='word_1_174' title='bbox 618 1965 754 2023; x_wconf 87' lang='lat' dir='ltr'><strong>catholica</strong></span> <span class='ocrx_word' id='word_1_175' title='bbox 771 1965 825 2040; x_wconf 79' lang='lat' dir='ltr'><strong>legi</strong></span> <span class='ocrx_word' id='word_1_176' title='bbox 843 1973 1063 2032; x_wconf 84' lang='lat' dir='ltr'><strong>consueverunt,</strong></span> <span class='ocrx_word' id='word_1_177' title='bbox 1082 1972 1111 2022; x_wconf 91' lang='lat' dir='ltr'><strong>et</strong></span> <span class='ocrx_word' id='word_1_178' title='bbox 1133 1965 1163 2023; x_wconf 93' lang='lat' dir='ltr'><strong>in</strong></span> <span class='ocrx_word' id='word_1_179' title='bbox 1182 1964 1272 2022; x_wconf 84' lang='lat' dir='ltr'><strong>veteri</strong></span> <span class='ocrx_word' id='word_1_180' title='bbox 1293 1964 1356 2024; x_wconf 81' lang='lat' dir='ltr'><strong>vul-</strong></span> 
     </span>
     <span class='ocr_line' id='line_1_19' title="bbox 210 2055 1357 2132; baseline 0 -18"><span class='ocrx_word' id='word_1_181' title='bbox 210 2066 275 2132; x_wconf 77' lang='lat' dir='ltr'><strong>gata</strong></span> <span class='ocrx_word' id='word_1_182' title='bbox 292 2055 378 2113; x_wconf 87' lang='lat' dir='ltr'><strong>latina</strong></span> <span class='ocrx_word' id='word_1_183' title='bbox 397 2055 519 2114; x_wconf 90' lang='lat' dir='ltr'><strong>editione</strong></span> <span class='ocrx_word' id='word_1_184' title='bbox 535 2057 690 2125; x_wconf 88' lang='lat' dir='ltr'><strong>habentur,</strong></span> <span class='ocrx_word' id='word_1_185' title='bbox 704 2071 756 2130; x_wconf 88' lang='lat' dir='ltr'><strong>pro</strong></span> <span class='ocrx_word' id='word_1_186' title='bbox 772 2056 860 2114; x_wconf 89' lang='lat' dir='ltr'><strong>sacris</strong></span> <span class='ocrx_word' id='word_1_187' title='bbox 877 2065 906 2113; x_wconf 91' lang='lat' dir='ltr'><strong>et</strong></span> <span class='ocrx_word' id='word_1_188' title='bbox 917 2055 1060 2113; x_wconf 90' lang='lat' dir='ltr'><strong>canonicis</strong></span> <span class='ocrx_word' id='word_1_189' title='bbox 1078 2071 1135 2113; x_wconf 95' lang='lat' dir='ltr'><strong>non</strong></span> <span class='ocrx_word' id='word_1_190' title='bbox 1147 2055 1317 2129; x_wconf 83' lang='lat' dir='ltr'><strong>susceperit,</strong></span> <span class='ocrx_word' id='word_1_191' title='bbox 1327 2066 1357 2114; x_wconf 87' lang='lat' dir='ltr'><strong>et</strong></span> 
     </span>
     <span class='ocr_line' id='line_1_20' title="bbox 211 2144 1356 2222; baseline -0.002 -18"><span class='ocrx_word' id='word_1_192' title='bbox 211 2145 378 2204; x_wconf 83' lang='lat' dir='ltr'><strong>traditiones</strong></span> <span class='ocrx_word' id='word_1_193' title='bbox 389 2145 537 2216; x_wconf 80' lang='lat' dir='ltr'><strong>praedictas</strong></span> <span class='ocrx_word' id='word_1_194' title='bbox 554 2147 647 2204; x_wconf 89' lang='lat' dir='ltr'><strong>sciens</strong></span> <span class='ocrx_word' id='word_1_195' title='bbox 660 2156 689 2203; x_wconf 92' lang='lat' dir='ltr'><strong>et</strong></span> <span class='ocrx_word' id='word_1_196' title='bbox 699 2145 822 2219; x_wconf 90' lang='lat' dir='ltr'><strong>prudens</strong></span> <span class='ocrx_word' id='word_1_197' title='bbox 833 2145 1047 2219; x_wconf 85' lang='lat' dir='ltr'><strong>contempserit;</strong></span> <span class='ocrx_word' id='word_1_198' title='bbox 1059 2146 1206 2203; x_wconf 84' lang='lat' dir='ltr'><strong>anathema</strong></span> <span class='ocrx_word' id='word_1_199' title='bbox 1219 2146 1257 2204; x_wconf 89' lang='lat' dir='ltr'><strong>sit</strong></span> <span class='ocrx_word' id='word_1_200' title='bbox 1270 2144 1356 2222; x_wconf 74' lang='grc'><strong>(1).»</strong></span> 
     </span>
    </p>

    <p class='ocr_par' dir='ltr' id='par_1_4' title="bbox 208 2236 1359 2477">
     <span class='ocr_line' id='line_1_21' title="bbox 250 2236 1359 2310; baseline 0.005 -18"><span class='ocrx_word' id='word_1_201' title='bbox 250 2236 334 2292; x_wconf 85' lang='lat' dir='ltr'><strong>Fides</strong></span> <span class='ocrx_word' id='word_1_202' title='bbox 355 2251 421 2309; x_wconf 82' lang='lat' dir='ltr'><strong>ergo</strong></span> <span class='ocrx_word' id='word_1_203' title='bbox 447 2237 582 2294; x_wconf 87' lang='lat' dir='ltr'><strong>catholica</strong></span> <span class='ocrx_word' id='word_1_204' title='bbox 607 2238 688 2296; x_wconf 90' lang='lat' dir='ltr'><strong>docet</strong></span> <span class='ocrx_word' id='word_1_205' title='bbox 710 2247 770 2294; x_wconf 92' lang='lat' dir='ltr'><strong>tum</strong></span> <span class='ocrx_word' id='word_1_206' title='bbox 792 2236 950 2310; x_wconf 84' lang='lat' dir='ltr'><strong>Scripturas</strong></span> <span class='ocrx_word' id='word_1_207' title='bbox 975 2251 1083 2305; x_wconf 86' lang='lat' dir='ltr'><strong>sacras,</strong></span> <span class='ocrx_word' id='word_1_208' title='bbox 1109 2246 1168 2294; x_wconf 90' lang='lat' dir='ltr'><strong>tum</strong></span> <span class='ocrx_word' id='word_1_209' title='bbox 1192 2238 1359 2298; x_wconf 85' lang='lat' dir='ltr'><strong>traditiones</strong></span> 
     </span>
     <span class='ocr_line' id='line_1_22' title="bbox 208 2327 1359 2401; baseline 0.003 -16"><span class='ocrx_word' id='word_1_210' title='bbox 208 2327 322 2385; x_wconf 79' lang='lat' dir='ltr'><strong>divinas</strong></span> <span class='ocrx_word' id='word_1_211' title='bbox 338 2329 469 2384; x_wconf 84' lang='lat' dir='ltr'><strong>continua</strong></span> <span class='ocrx_word' id='word_1_212' title='bbox 489 2330 653 2385; x_wconf 76' lang='lat' dir='ltr'><strong>successione</strong></span> <span class='ocrx_word' id='word_1_213' title='bbox 669 2329 702 2384; x_wconf 88' lang='lat' dir='ltr'><strong>in</strong></span> <span class='ocrx_word' id='word_1_214' title='bbox 720 2328 841 2384; x_wconf 80' lang='lat' dir='ltr'><strong>Ecclesia</strong></span> <span class='ocrx_word' id='word_1_215' title='bbox 858 2336 1031 2385; x_wconf 78' lang='lat' dir='ltr'><strong>consnootos</strong></span> <span class='ocrx_word' id='word_1_216' title='bbox 1046 2337 1187 2401; x_wconf 85' lang='lat' dir='ltr'><strong>tamquam</strong></span> <span class='ocrx_word' id='word_1_217' title='bbox 1199 2329 1359 2388; x_wconf 80' lang='lat' dir='ltr'><strong>christianae</strong></span> 
     </span>
     <span class='ocr_line' id='line_1_23' title="bbox 208 2417 711 2477; baseline -0.004 0"><span class='ocrx_word' id='word_1_218' title='bbox 208 2419 349 2477; x_wconf 76' lang='lat' dir='ltr'><strong>doctrina</strong></span> <span class='ocrx_word' id='word_1_219' title='bbox 361 2417 466 2476; x_wconf 73' lang='lat' dir='ltr'><strong>ionmm</strong></span> <span class='ocrx_word' id='word_1_220' title='bbox 479 2434 543 2476; x_wconf 92' lang='lat' dir='ltr'><strong>esse</strong></span> <span class='ocrx_word' id='word_1_221' title='bbox 559 2419 711 2477; x_wconf 90' lang='lat' dir='ltr'><strong>habendas.</strong></span> 
     </span>
    </p>

    <p class='ocr_par' dir='ltr' id='par_1_5' title="bbox 206 2507 1358 3396">
     <span class='ocr_line' id='line_1_24' title="bbox 249 2507 1357 2583; baseline 0.003 -19"><span class='ocrx_word' id='word_1_222' title='bbox 249 2507 330 2577; x_wconf 85' lang='lat' dir='ltr'><strong>Quod</strong></span> <span class='ocrx_word' id='word_1_223' title='bbox 347 2519 440 2566; x_wconf 89' lang='lat' dir='ltr'><strong>autem</strong></span> <span class='ocrx_word' id='word_1_224' title='bbox 461 2511 562 2568; x_wconf 92' lang='lat' dir='ltr'><strong>attinet</strong></span> <span class='ocrx_word' id='word_1_225' title='bbox 578 2513 613 2568; x_wconf 97' lang='lat' dir='ltr'><strong>ad</strong></span> <span class='ocrx_word' id='word_1_226' title='bbox 635 2526 761 2568; x_wconf 90' lang='lat' dir='ltr'><strong>normam</strong></span> <span class='ocrx_word' id='word_1_227' title='bbox 782 2510 818 2567; x_wconf 90' lang='lat' dir='ltr'><strong>ad</strong></span> <span class='ocrx_word' id='word_1_228' title='bbox 840 2525 923 2583; x_wconf 91' lang='lat' dir='ltr'><strong>quam</strong></span> <span class='ocrx_word' id='word_1_229' title='bbox 945 2509 1150 2581; x_wconf 80' lang='lat' dir='ltr'><strong>scripturarum</strong></span> <span class='ocrx_word' id='word_1_230' title='bbox 1166 2508 1357 2583; x_wconf 88' lang='lat' dir='ltr'><strong>interpretatio</strong></span> 
     </span>
     <span class='ocr_line' id='line_1_25' title="bbox 207 2597 1357 2674; baseline 0.001 -18"><span class='ocrx_word' id='word_1_231' title='bbox 207 2598 250 2657; x_wconf 86' lang='lat' dir='ltr'><strong>sit</strong></span> <span class='ocrx_word' id='word_1_232' title='bbox 271 2597 420 2672; x_wconf 81' lang='lat' dir='ltr'><strong>exigenda,</strong></span> <span class='ocrx_word' id='word_1_233' title='bbox 438 2601 499 2656; x_wconf 76' lang='lat' dir='ltr'><strong>haec</strong></span> <span class='ocrx_word' id='word_1_234' title='bbox 519 2602 604 2658; x_wconf 91' lang='lat' dir='ltr'><strong>babet</strong></span> <span class='ocrx_word' id='word_1_235' title='bbox 621 2602 718 2659; x_wconf 89' lang='lat' dir='ltr'><strong>eadem</strong></span> <span class='ocrx_word' id='word_1_236' title='bbox 736 2600 897 2658; x_wconf 88' lang='lat' dir='ltr'><strong>Tridentina</strong></span> <span class='ocrx_word' id='word_1_237' title='bbox 915 2598 1059 2674; x_wconf 85' lang='lat' dir='ltr'><strong>synodus:</strong></span> <span class='ocrx_word' id='word_1_238' title='bbox 1074 2618 1090 2652; x_wconf 82' lang='lat' dir='ltr'><strong>e</strong></span> <span class='ocrx_word' id='word_1_239' title='bbox 1103 2599 1233 2656; x_wconf 83' lang='lat' dir='ltr'><strong>Deseruit</strong></span> <span class='ocrx_word' id='word_1_240' title='bbox 1247 2599 1357 2674; x_wconf 84' lang='lat' dir='ltr'><strong>(sacro-</strong></span> 
     </span>
     <span class='ocr_line' id='line_1_26' title="bbox 208 2688 1358 2764; baseline 0.003 -18"><span class='ocrx_word' id='word_1_241' title='bbox 208 2698 308 2746; x_wconf 88' lang='lat' dir='ltr'><strong>sancta</strong></span> <span class='ocrx_word' id='word_1_242' title='bbox 330 2688 486 2762; x_wconf 85' lang='lat' dir='ltr'><strong>synodus),</strong></span> <span class='ocrx_word' id='word_1_243' title='bbox 506 2698 538 2746; x_wconf 91' lang='lat' dir='ltr'><strong>ut</strong></span> <span class='ocrx_word' id='word_1_244' title='bbox 560 2706 657 2757; x_wconf 88' lang='lat' dir='ltr'><strong>nemo,</strong></span> <span class='ocrx_word' id='word_1_245' title='bbox 679 2708 738 2748; x_wconf 88' lang='lat' dir='ltr'><strong>suae</strong></span> <span class='ocrx_word' id='word_1_246' title='bbox 760 2689 914 2764; x_wconf 86' lang='lat' dir='ltr'><strong>prudentiae</strong></span> <span class='ocrx_word' id='word_1_247' title='bbox 936 2689 1064 2757; x_wconf 80' lang='lat' dir='ltr'><strong>innixus,</strong></span> <span class='ocrx_word' id='word_1_248' title='bbox 1087 2689 1117 2745; x_wconf 90' lang='lat' dir='ltr'><strong>in</strong></span> <span class='ocrx_word' id='word_1_249' title='bbox 1138 2690 1223 2747; x_wconf 90' lang='lat' dir='ltr'><strong>rebus</strong></span> <span class='ocrx_word' id='word_1_250' title='bbox 1243 2689 1306 2747; x_wconf 84' lang='lat' dir='ltr'><strong>fidei</strong></span> <span class='ocrx_word' id='word_1_251' title='bbox 1329 2702 1358 2749; x_wconf 92' lang='lat' dir='ltr'><strong>et</strong></span> 
     </span>
     <span class='ocr_line' id='line_1_27' title="bbox 209 2778 1356 2852; baseline 0.004 -16"><span class='ocrx_word' id='word_1_252' title='bbox 209 2792 339 2845; x_wconf 89' lang='lat' dir='ltr'><strong>morum,</strong></span> <span class='ocrx_word' id='word_1_253' title='bbox 365 2778 399 2833; x_wconf 93' lang='lat' dir='ltr'><strong>ad</strong></span> <span class='ocrx_word' id='word_1_254' title='bbox 429 2779 638 2836; x_wconf 80' lang='lat' dir='ltr'><strong>aedificationem</strong></span> <span class='ocrx_word' id='word_1_255' title='bbox 664 2781 797 2838; x_wconf 86' lang='lat' dir='ltr'><strong>doctrinae</strong></span> <span class='ocrx_word' id='word_1_256' title='bbox 823 2781 982 2838; x_wconf 87' lang='lat' dir='ltr'><strong>christianae</strong></span> <span class='ocrx_word' id='word_1_257' title='bbox 1008 2779 1224 2852; x_wconf 88' lang='lat' dir='ltr'><strong>pertinentium,</strong></span> <span class='ocrx_word' id='word_1_258' title='bbox 1249 2797 1356 2840; x_wconf 87' lang='lat' dir='ltr'><strong>sacrem</strong></span> 
     </span>
     <span class='ocr_line' id='line_1_28' title="bbox 206 2866 1356 2946; baseline 0.013 -30"><span class='ocrx_word' id='word_1_259' title='bbox 206 2866 384 2939; x_wconf 84' lang='lat' dir='ltr'><strong>scripturam</strong></span> <span class='ocrx_word' id='word_1_260' title='bbox 408 2867 443 2924; x_wconf 88' lang='lat' dir='ltr'><strong>ad</strong></span> <span class='ocrx_word' id='word_1_261' title='bbox 468 2882 543 2926; x_wconf 86' lang='lat' dir='ltr'><strong>suos</strong></span> <span class='ocrx_word' id='word_1_262' title='bbox 564 2883 666 2927; x_wconf 88' lang='lat' dir='ltr'><strong>seusus</strong></span> <span class='ocrx_word' id='word_1_263' title='bbox 688 2878 889 2942; x_wconf 90' lang='lat' dir='ltr'><strong>contorquens,</strong></span> <span class='ocrx_word' id='word_1_264' title='bbox 911 2879 1007 2928; x_wconf 90' lang='lat' dir='ltr'><strong>contra</strong></span> <span class='ocrx_word' id='word_1_265' title='bbox 1032 2884 1097 2926; x_wconf 88' lang='lat' dir='ltr'><strong>eum</strong></span> <span class='ocrx_word' id='word_1_266' title='bbox 1121 2886 1250 2941; x_wconf 88' lang='lat' dir='ltr'><strong>sensum,</strong></span> <span class='ocrx_word' id='word_1_267' title='bbox 1272 2888 1356 2946; x_wconf 91' lang='lat' dir='ltr'><strong>quem</strong></span> 
     </span>
     <span class='ocr_line' id='line_1_29' title="bbox 209 2958 1356 3031; baseline 0.004 -16"><span class='ocrx_word' id='word_1_268' title='bbox 209 2958 304 3015; x_wconf 88' lang='lat' dir='ltr'><strong>tenuit</strong></span> <span class='ocrx_word' id='word_1_269' title='bbox 318 2967 346 3014; x_wconf 91' lang='lat' dir='ltr'><strong>et</strong></span> <span class='ocrx_word' id='word_1_270' title='bbox 364 2967 441 3015; x_wconf 91' lang='lat' dir='ltr'><strong>tenet</strong></span> <span class='ocrx_word' id='word_1_271' title='bbox 454 2968 549 3016; x_wconf 87' lang='lat' dir='ltr'><strong>sancta</strong></span> <span class='ocrx_word' id='word_1_272' title='bbox 567 2969 657 3016; x_wconf 87' lang='lat' dir='ltr'><strong>mater</strong></span> <span class='ocrx_word' id='word_1_273' title='bbox 673 2959 812 3025; x_wconf 84' lang='lat' dir='ltr'><strong>Ecclesia,</strong></span> <span class='ocrx_word' id='word_1_274' title='bbox 830 2960 909 3031; x_wconf 80' lang='lat' dir='ltr'><strong>eujus</strong></span> <span class='ocrx_word' id='word_1_275' title='bbox 924 2968 962 3017; x_wconf 89' lang='lat' dir='ltr'><strong>est</strong></span> <span class='ocrx_word' id='word_1_276' title='bbox 973 2961 1101 3030; x_wconf 84' lang='lat' dir='ltr'><strong>judicare</strong></span> <span class='ocrx_word' id='word_1_277' title='bbox 1117 2962 1356 3020; x_wconf 62' lang='lat' dir='ltr'><strong>manuteneret</strong></span> 
     </span>
     <span class='ocr_line' id='line_1_30' title="bbox 210 3048 1354 3122; baseline 0.007 -18"><span class='ocrx_word' id='word_1_278' title='bbox 210 3049 438 3120; x_wconf 78' lang='lat' dir='ltr'><strong>interpretatione</strong></span> <span class='ocrx_word' id='word_1_279' title='bbox 459 3048 670 3122; x_wconf 84' lang='lat' dir='ltr'><strong>Scripturarurn</strong></span> <span class='ocrx_word' id='word_1_280' title='bbox 693 3059 870 3120; x_wconf 77' lang='lat' dir='ltr'><strong>sanctoruni,</strong></span> <span class='ocrx_word' id='word_1_281' title='bbox 897 3060 946 3109; x_wconf 86' lang='lat' dir='ltr'><strong>aut</strong></span> <span class='ocrx_word' id='word_1_282' title='bbox 970 3053 1054 3110; x_wconf 89' lang='lat' dir='ltr'><strong>etiarn</strong></span> <span class='ocrx_word' id='word_1_283' title='bbox 1075 3062 1170 3111; x_wconf 90' lang='lat' dir='ltr'><strong>contra</strong></span> <span class='ocrx_word' id='word_1_284' title='bbox 1195 3053 1354 3114; x_wconf 86' lang='lat' dir='ltr'><strong>unanimem</strong></span> 
     </span>
     <span class='ocr_line' id='line_1_31' title="bbox 207 3139 1354 3220; baseline 0.003 -25"><span class='ocrx_word' id='word_1_285' title='bbox 207 3153 380 3196; x_wconf 90' lang='lat' dir='ltr'><strong>consensum</strong></span> <span class='ocrx_word' id='word_1_286' title='bbox 396 3139 528 3209; x_wconf 81' lang='lat' dir='ltr'><strong>Petrum,</strong></span> <span class='ocrx_word' id='word_1_287' title='bbox 547 3142 638 3214; x_wconf 89' lang='lat' dir='ltr'><strong>ipsam</strong></span> <span class='ocrx_word' id='word_1_288' title='bbox 654 3140 825 3214; x_wconf 82' lang='lat' dir='ltr'><strong>scripturam</strong></span> <span class='ocrx_word' id='word_1_289' title='bbox 842 3157 948 3200; x_wconf 90' lang='lat' dir='ltr'><strong>sacram</strong></span> <span class='ocrx_word' id='word_1_290' title='bbox 964 3142 1142 3215; x_wconf 92' lang='lat' dir='ltr'><strong>interpretari</strong></span> <span class='ocrx_word' id='word_1_291' title='bbox 1156 3142 1257 3201; x_wconf 90' lang='lat' dir='ltr'><strong>audeat</strong></span> <span class='ocrx_word' id='word_1_292' title='bbox 1269 3142 1354 3220; x_wconf 70' lang='lat' dir='ltr'><strong>til.»</strong></span> 
     </span>
     <span class='ocr_line' id='line_1_32' title="bbox 210 3227 1355 3309; baseline 0.006 -24"><span class='ocrx_word' id='word_1_293' title='bbox 210 3227 299 3286; x_wconf 85' lang='lat' dir='ltr'><strong>Porro</strong></span> <span class='ocrx_word' id='word_1_294' title='bbox 328 3229 476 3288; x_wconf 90' lang='lat' dir='ltr'><strong>concilium</strong></span> <span class='ocrx_word' id='word_1_295' title='bbox 503 3231 615 3288; x_wconf 88' lang='lat' dir='ltr'><strong>damnat</strong></span> <span class='ocrx_word' id='word_1_296' title='bbox 646 3241 730 3305; x_wconf 87' lang='lat' dir='ltr'><strong>atque</strong></span> <span class='ocrx_word' id='word_1_297' title='bbox 756 3233 932 3292; x_wconf 90' lang='lat' dir='ltr'><strong>anathemate</strong></span> <span class='ocrx_word' id='word_1_298' title='bbox 955 3234 1082 3307; x_wconf 91' lang='lat' dir='ltr'><strong>percellit</strong></span> <span class='ocrx_word' id='word_1_299' title='bbox 1109 3250 1158 3292; x_wconf 88' lang='lat' dir='ltr'><strong>eos</strong></span> <span class='ocrx_word' id='word_1_300' title='bbox 1181 3251 1280 3294; x_wconf 88' lang='lat' dir='ltr'><strong>omnes</strong></span> <span class='ocrx_word' id='word_1_301' title='bbox 1306 3237 1355 3309; x_wconf 94' lang='lat' dir='ltr'><strong>qui</strong></span> 
     </span>
     <span class='ocr_line' id='line_1_33' title="bbox 208 3319 1246 3396; baseline 0.006 -21"><span class='ocrx_word' id='word_1_302' title='bbox 208 3319 387 3394; x_wconf 84' lang='lat' dir='ltr'><strong>dogmatibus</strong></span> <span class='ocrx_word' id='word_1_303' title='bbox 399 3338 414 3378; x_wconf 88' lang='lat' dir='ltr'><strong>a</strong></span> <span class='ocrx_word' id='word_1_304' title='bbox 431 3337 463 3380; x_wconf 90' lang='lat' dir='ltr'><strong>se</strong></span> <span class='ocrx_word' id='word_1_305' title='bbox 475 3322 597 3380; x_wconf 90' lang='lat' dir='ltr'><strong>delinitis</strong></span> <span class='ocrx_word' id='word_1_306' title='bbox 610 3322 752 3395; x_wconf 83' lang='lat' dir='ltr'><strong>quidpiam</strong></span> <span class='ocrx_word' id='word_1_307' title='bbox 770 3324 927 3396; x_wconf 90' lang='lat' dir='ltr'><strong>oppositum</strong></span> <span class='ocrx_word' id='word_1_308' title='bbox 940 3324 1057 3382; x_wconf 91' lang='lat' dir='ltr'><strong>doceant</strong></span> <span class='ocrx_word' id='word_1_309' title='bbox 1073 3332 1246 3382; x_wconf 91' lang='lat' dir='ltr'><strong>tueanturve.</strong></span> 
     </span>
    </p>

    <p class='ocr_par' dir='ltr' id='par_1_6' title="bbox 209 3410 1355 3935">
     <span class='ocr_line' id='line_1_34' title="bbox 250 3410 1354 3486; baseline 0.005 -21"><span class='ocrx_word' id='word_1_310' title='bbox 250 3410 345 3482; x_wconf 89' lang='lat' dir='ltr'><strong>ltaque</strong></span> <span class='ocrx_word' id='word_1_311' title='bbox 369 3413 467 3486; x_wconf 79' lang='lat' dir='ltr'><strong>dogma</strong></span> <span class='ocrx_word' id='word_1_312' title='bbox 494 3413 661 3471; x_wconf 86' lang='lat' dir='ltr'><strong>catholicum</strong></span> <span class='ocrx_word' id='word_1_313' title='bbox 687 3420 731 3469; x_wconf 89' lang='lat' dir='ltr'><strong>cst</strong></span> <span class='ocrx_word' id='word_1_314' title='bbox 755 3421 849 3469; x_wconf 84' lang='lat' dir='ltr'><strong>extare</strong></span> <span class='ocrx_word' id='word_1_315' title='bbox 873 3413 947 3470; x_wconf 91' lang='lat' dir='ltr'><strong>inter</strong></span> <span class='ocrx_word' id='word_1_316' title='bbox 972 3412 1141 3471; x_wconf 89' lang='lat' dir='ltr'><strong>christianos</strong></span> <span class='ocrx_word' id='word_1_317' title='bbox 1161 3413 1354 3472; x_wconf 89' lang='lat' dir='ltr'><strong>auctoritatem</strong></span> 
     </span>
     <span class='ocr_line' id='line_1_35' title="bbox 209 3502 1353 3576; baseline 0.002 -18"><span class='ocrx_word' id='word_1_318' title='bbox 209 3516 350 3558; x_wconf 89' lang='lat' dir='ltr'><strong>summam</strong></span> <span class='ocrx_word' id='word_1_319' title='bbox 369 3511 397 3560; x_wconf 91' lang='lat' dir='ltr'><strong>et</strong></span> <span class='ocrx_word' id='word_1_320' title='bbox 415 3503 473 3560; x_wconf 82' lang='lat' dir='ltr'><strong>falli</strong></span> <span class='ocrx_word' id='word_1_321' title='bbox 495 3504 617 3562; x_wconf 90' lang='lat' dir='ltr'><strong>nesciam</strong></span> <span class='ocrx_word' id='word_1_322' title='bbox 634 3503 681 3561; x_wconf 90' lang='lat' dir='ltr'><strong>cui</strong></span> <span class='ocrx_word' id='word_1_323' title='bbox 699 3503 830 3562; x_wconf 90' lang='lat' dir='ltr'><strong>omnibus</strong></span> <span class='ocrx_word' id='word_1_324' title='bbox 847 3503 884 3561; x_wconf 89' lang='lat' dir='ltr'><strong>sit</strong></span> <span class='ocrx_word' id='word_1_325' title='bbox 901 3502 1071 3575; x_wconf 89' lang='lat' dir='ltr'><strong>parendum,</strong></span> <span class='ocrx_word' id='word_1_326' title='bbox 1085 3511 1168 3575; x_wconf 87' lang='lat' dir='ltr'><strong>atque</strong></span> <span class='ocrx_word' id='word_1_327' title='bbox 1184 3518 1270 3576; x_wconf 92' lang='lat' dir='ltr'><strong>penes</strong></span> <span class='ocrx_word' id='word_1_328' title='bbox 1291 3519 1353 3560; x_wconf 90' lang='lat' dir='ltr'><strong>eam</strong></span> 
     </span>
     <span class='ocr_line' id='line_1_36' title="bbox 211 3592 1355 3673; baseline 0.001 -24"><span class='ocrx_word' id='word_1_329' title='bbox 211 3592 306 3649; x_wconf 88' lang='lat' dir='ltr'><strong>inesse</strong></span> <span class='ocrx_word' id='word_1_330' title='bbox 319 3592 452 3667; x_wconf 81' lang='lat' dir='ltr'><strong>integram</strong></span> <span class='ocrx_word' id='word_1_331' title='bbox 466 3602 495 3651; x_wconf 89' lang='lat' dir='ltr'><strong>et</strong></span> <span class='ocrx_word' id='word_1_332' title='bbox 510 3595 645 3652; x_wconf 88' lang='lat' dir='ltr'><strong>illibatam</strong></span> <span class='ocrx_word' id='word_1_333' title='bbox 664 3594 766 3653; x_wconf 87' lang='lat' dir='ltr'><strong>Christi</strong></span> <span class='ocrx_word' id='word_1_334' title='bbox 780 3595 951 3663; x_wconf 82' lang='lat' dir='ltr'><strong>doctrinam3</strong></span> <span class='ocrx_word' id='word_1_335' title='bbox 965 3609 983 3673; x_wconf 84' lang='lat' dir='ltr'><strong>a</strong></span> <span class='ocrx_word' id='word_1_336' title='bbox 996 3609 1050 3666; x_wconf 91' lang='lat' dir='ltr'><strong>qua</strong></span> <span class='ocrx_word' id='word_1_337' title='bbox 1069 3602 1243 3667; x_wconf 89' lang='lat' dir='ltr'><strong>proptereau</strong></span> <span class='ocrx_word' id='word_1_338' title='bbox 1259 3595 1355 3666; x_wconf 85' lang='lat' dir='ltr'><strong>priori</strong></span> 
     </span>
     <span class='ocr_line' id='line_1_37' title="bbox 213 3683 1353 3762; baseline 0.001 -21"><span class='ocrx_word' id='word_1_339' title='bbox 213 3694 320 3762; x_wconf 89' lang='lat' dir='ltr'><strong>certum</strong></span> <span class='ocrx_word' id='word_1_340' title='bbox 339 3693 383 3742; x_wconf 85' lang='lat' dir='ltr'><strong>est</strong></span> <span class='ocrx_word' id='word_1_341' title='bbox 404 3685 534 3757; x_wconf 90' lang='lat' dir='ltr'><strong>nuspiam</strong></span> <span class='ocrx_word' id='word_1_342' title='bbox 554 3686 704 3744; x_wconf 86' lang='lat' dir='ltr'><strong>dissentire</strong></span> <span class='ocrx_word' id='word_1_343' title='bbox 722 3702 805 3760; x_wconf 92' lang='lat' dir='ltr'><strong>posse</strong></span> <span class='ocrx_word' id='word_1_344' title='bbox 821 3685 993 3760; x_wconf 79' lang='lat' dir='ltr'><strong>scripturam</strong></span> <span class='ocrx_word' id='word_1_345' title='bbox 1013 3699 1021 3740; x_wconf 78' lang='grc' dir='ltr'><strong><em>ε</em></strong></span> <span class='ocrx_word' id='word_1_346' title='bbox 1039 3693 1067 3742; x_wconf 89' lang='lat' dir='ltr'><strong>et</strong></span> <span class='ocrx_word' id='word_1_347' title='bbox 1088 3683 1150 3742; x_wconf 91' lang='lat' dir='ltr'><strong>ideo</strong></span> <span class='ocrx_word' id='word_1_348' title='bbox 1167 3683 1251 3741; x_wconf 90' lang='lat' dir='ltr'><strong>simul</strong></span> <span class='ocrx_word' id='word_1_349' title='bbox 1269 3691 1353 3758; x_wconf 88' lang='lat' dir='ltr'><strong>atque</strong></span> 
     </span>
     <span class='ocr_line' id='line_1_38' title="bbox 213 3772 1353 3851; baseline -0.002 -19"><span class='ocrx_word' id='word_1_350' title='bbox 213 3774 305 3848; x_wconf 88' lang='lat' dir='ltr'><strong>aliqua</strong></span> <span class='ocrx_word' id='word_1_351' title='bbox 324 3774 516 3849; x_wconf 88' lang='lat' dir='ltr'><strong>interpretatio</strong></span> <span class='ocrx_word' id='word_1_352' title='bbox 535 3776 711 3851; x_wconf 84' lang='lat' dir='ltr'><strong>dogmatibus</strong></span> <span class='ocrx_word' id='word_1_353' title='bbox 733 3775 865 3834; x_wconf 74' lang='lat' dir='ltr'><strong>Ecclesiae</strong></span> <span class='ocrx_word' id='word_1_354' title='bbox 886 3791 943 3833; x_wconf 95' lang='lat' dir='ltr'><strong>non</strong></span> <span class='ocrx_word' id='word_1_355' title='bbox 964 3782 1113 3841; x_wconf 91' lang='lat' dir='ltr'><strong>consonat,</strong></span> <span class='ocrx_word' id='word_1_356' title='bbox 1131 3772 1199 3830; x_wconf 88' lang='lat' dir='ltr'><strong>laisa</strong></span> <span class='ocrx_word' id='word_1_357' title='bbox 1220 3773 1353 3842; x_wconf 88' lang='lat' dir='ltr'><strong>babetur;</strong></span> 
     </span>
     <span class='ocr_line' id='line_1_39' title="bbox 214 3864 1028 3935; baseline -0.006 -11"><span class='ocrx_word' id='word_1_358' title='bbox 214 3883 295 3925; x_wconf 89' lang='lat' dir='ltr'><strong>secus</strong></span> <span class='ocrx_word' id='word_1_359' title='bbox 309 3867 396 3935; x_wconf 90' lang='lat' dir='ltr'><strong>enim,</strong></span> <span class='ocrx_word' id='word_1_360' title='bbox 416 3867 546 3925; x_wconf 82' lang='lat' dir='ltr'><strong>Christus</strong></span> <span class='ocrx_word' id='word_1_361' title='bbox 565 3867 619 3926; x_wconf 92' lang='lat' dir='ltr'><strong>sibi</strong></span> <span class='ocrx_word' id='word_1_362' title='bbox 638 3866 779 3925; x_wconf 86' lang='lat' dir='ltr'><strong>adversari</strong></span> <span class='ocrx_word' id='word_1_363' title='bbox 796 3864 930 3923; x_wconf 87' lang='lat' dir='ltr'><strong>dicendus</strong></span> <span class='ocrx_word' id='word_1_364' title='bbox 949 3866 1028 3922; x_wconf 88' lang='lat' dir='ltr'><strong>ioret.</strong></span> 
     </span>
    </p>

    <p class='ocr_par' dir='ltr' id='par_1_7' title="bbox 212 3954 1354 4125">
     <span class='ocr_line' id='line_1_40' title="bbox 254 3954 1352 4030; baseline -0.004 -16"><span class='ocrx_word' id='word_1_365' title='bbox 254 3957 389 4026; x_wconf 82' lang='lat' dir='ltr'><strong>Quoniam</strong></span> <span class='ocrx_word' id='word_1_366' title='bbox 409 3968 502 4016; x_wconf 88' lang='lat' dir='ltr'><strong>autem</strong></span> <span class='ocrx_word' id='word_1_367' title='bbox 526 3960 681 4017; x_wconf 89' lang='lat' dir='ltr'><strong>universam</strong></span> <span class='ocrx_word' id='word_1_368' title='bbox 702 3968 785 4030; x_wconf 90' lang='lat' dir='ltr'><strong>atque</strong></span> <span class='ocrx_word' id='word_1_369' title='bbox 807 3957 1050 4015; x_wconf 90' lang='lat' dir='ltr'><strong>incontaminatam</strong></span> <span class='ocrx_word' id='word_1_370' title='bbox 1072 3954 1176 4014; x_wconf 87' lang='lat' dir='ltr'><strong>Christi</strong></span> <span class='ocrx_word' id='word_1_371' title='bbox 1197 3954 1352 4014; x_wconf 87' lang='lat' dir='ltr'><strong>doctrinam</strong></span> 
     </span>
     <span class='ocr_line' id='line_1_41' title="bbox 212 4047 1354 4125; baseline -0.004 -19"><span class='ocrx_word' id='word_1_372' title='bbox 212 4057 291 4106; x_wconf 90' lang='lat' dir='ltr'><strong>tenet</strong></span> <span class='ocrx_word' id='word_1_373' title='bbox 308 4064 342 4106; x_wconf 91' lang='lat' dir='ltr'><strong>ac</strong></span> <span class='ocrx_word' id='word_1_374' title='bbox 360 4050 390 4107; x_wconf 94' lang='lat' dir='ltr'><strong>in</strong></span> <span class='ocrx_word' id='word_1_375' title='bbox 410 4067 442 4108; x_wconf 90' lang='lat' dir='ltr'><strong>sc</strong></span> <span class='ocrx_word' id='word_1_376' title='bbox 462 4050 534 4125; x_wconf 79' lang='lat' dir='ltr'><strong>gerit</strong></span> <span class='ocrx_word' id='word_1_377' title='bbox 553 4049 689 4121; x_wconf 87' lang='lat' dir='ltr'><strong>Ecclesia,</strong></span> <span class='ocrx_word' id='word_1_378' title='bbox 709 4064 817 4109; x_wconf 88' lang='lat' dir='ltr'><strong>summo</strong></span> <span class='ocrx_word' id='word_1_379' title='bbox 835 4047 928 4122; x_wconf 88' lang='lat' dir='ltr'><strong>studio</strong></span> <span class='ocrx_word' id='word_1_380' title='bbox 950 4055 1029 4106; x_wconf 85' lang='lat' dir='ltr'><strong>curat</strong></span> <span class='ocrx_word' id='word_1_381' title='bbox 1048 4056 1078 4105; x_wconf 94' lang='lat' dir='ltr'><strong>ut</strong></span> <span class='ocrx_word' id='word_1_382' title='bbox 1096 4048 1144 4121; x_wconf 94' lang='lat' dir='ltr'><strong>qui</strong></span> <span class='ocrx_word' id='word_1_383' title='bbox 1163 4064 1197 4106; x_wconf 85' lang='lat' dir='ltr'><strong>ex</strong></span> <span class='ocrx_word' id='word_1_384' title='bbox 1218 4062 1269 4105; x_wconf 90' lang='lat' dir='ltr'><strong>suo</strong></span> <span class='ocrx_word' id='word_1_385' title='bbox 1287 4054 1354 4103; x_wconf 88' lang='lat' dir='ltr'><strong>sunt</strong></span> 
     </span>
    </p>
   </div>
   <div class='ocr_carea' id='block_1_3' title="bbox 245 4218 420 4368">
    <p class='ocr_par' dir='ltr' id='par_1_8' title="bbox 245 4218 420 4368">
     <span class='ocr_line' id='line_1_42' title="bbox 246 4218 420 4284; baseline 0.029 -15"><span class='ocrx_word' id='word_1_386' title='bbox 246 4218 293 4284; x_wconf 85' lang='grc'><strong>(1)</strong></span> <span class='ocrx_word' id='word_1_387' title='bbox 306 4223 368 4271; x_wconf 82' lang='lat' dir='ltr'><strong>Sese.</strong></span> <span class='ocrx_word' id='word_1_388' title='bbox 381 4223 420 4276; x_wconf 84' lang='lat' dir='ltr'><strong>lv.</strong></span> 
     </span>
     <span class='ocr_line' id='line_1_43' title="bbox 245 4302 370 4368; baseline 0.032 -16"><span class='ocrx_word' id='word_1_389' title='bbox 245 4302 291 4368; x_wconf 78' lang='lat'><strong>(2)</strong></span> <span class='ocrx_word' id='word_1_390' title='bbox 308 4304 370 4356; x_wconf 77' lang='lat' dir='ltr'><strong>loia.</strong></span> 
     </span>
    </p>
   </div>
   <div class='ocr_carea' id='block_1_4' title="bbox 0 0 1580 5160">
    <p class='ocr_par' dir='ltr' id='par_1_9' title="bbox 0 0 1580 5160">
     <span class='ocr_line' id='line_1_44' title="bbox 0 0 1580 5160; baseline 0 0"><span class='ocrx_word' id='word_1_391' title='bbox 0 0 1580 5160; x_wconf 95' lang='lat' dir='ltr'><strong> </strong></span> 
     </span>
    </p>
   </div>
  </div>
 </body>
</html>
