3166 5168
250 359 353 402 11111.
376 357 534 401 unrnonus
556 353 773 399 nrrrrosonnrcn
795 353 1015 400 coxrrnuxrun.
1159 344 1217 402 159

76 516 106 563 ut
125 506 244 578 primam
262 505 411 562 veritatum
432 502 683 576 metaphysicarum
703 511 730 558 et
746 501 895 558 moralium
912 501 1072 559 distinctam
1092 504 1218 560 notitiam

75 612 125 668 per
141 605 285 652 externam
302 594 507 651 institutionem
525 589 709 663 assequatur?
723 590 782 646 Nisi
797 591 872 646 enirn
889 591 957 647 illud
975 591 1103 659 fatearis,
1117 610 1219 669 negan-

75 687 144 741 dum
157 695 213 750 est,
228 685 257 741 id
270 685 344 756 quod
358 699 455 741 omnes
465 681 579 739 omnino
592 690 702 746 tenent,
716 688 823 736 naturae
832 681 907 754 leges
923 679 1002 737 lactis
1015 682 1220 742 uniuersalibus

76 777 232 849 iisdemque
245 775 387 849 perpetuis
402 773 564 831 manifestas
576 772 646 828 lieri.

114 869 248 936 Quocirca
268 867 334 939 quid
355 867 413 938 Jam
433 864 561 938 prohibet
579 862 728 934 quominus
750 862 875 918 dicamus
898 861 1019 918 hominis
1038 872 1174 931 mentem,
1195 866 1220 921 si

77 956 210 1013 delccerit
227 965 341 1012 externa
357 955 509 1023 institutio,
523 953 613 1010 evolvi
633 968 687 1008 non
705 967 802 1023 posse,
819 951 868 1008 sed
887 967 947 1007 eam
965 960 1099 1023 perpetuo
1117 954 1220 1009 uerita-

78 1056 136 1101 tum
154 1046 407 1118 metaphysicarum
424 1054 451 1101 et
468 1044 615 1101 moralium
633 1043 799 1117 cognitionis
815 1040 912 1098 rudem
929 1042 1096 1099 excitur-am?
1109 1043 1222 1103 Scilicet

73 1151 246 1206 quamquam
262 1135 372 1191 deesset
387 1135 581 1207 quodcumque
601 1132 676 1188 aliud
695 1142 888 1207 argumentum
905 1134 1045 1206 peculiare
1060 1151 1114 1205 quo
1134 1136 1221 1191 thesis

78 1226 138 1281 haec
157 1235 252 1282 nostra
270 1225 440 1292 firmaretur,
459 1225 561 1281 lactum
580 1224 655 1280 istud
674 1232 806 1280 constans
822 1232 850 1279 et
868 1224 1024 1279 universale
1042 1223 1112 1280 milri
1131 1224 1222 1281 eidem

78 1315 255 1372 adstruendae
274 1314 399 1372 sufficere
414 1315 566 1372 rideretur.
583 1312 693 1368 Etenim
712 1312 804 1368 omnia
821 1311 943 1383 prolecto
962 1327 1071 1368 summa
1087 1312 1222 1384 sapientia

77 1404 155 1462 Deus
174 1405 327 1477 disposuit,
340 1405 556 1477 necquidquam
574 1418 808 1476 supervacaneum
828 1402 991 1459 constituit:
1008 1403 1139 1473 quoniam
1157 1419 1222 1476 ergo

79 1495 168 1551 voluit
185 1503 216 1550 ut
234 1494 307 1549 inter
319 1495 447 1550 homines
461 1494 533 1549 alius
550 1492 636 1547 alium
652 1491 764 1549 doceret
776 1501 805 1548 et
820 1491 854 1546 ad
872 1507 954 1547 usum
971 1491 1086 1548 rationis
1103 1492 1223 1550 adduce·

80 1594 139 1653 ret,
153 1585 217 1657 quis
234 1600 394 1641 asseverare
412 1600 497 1640 ausus
515 1582 599 1638 fuerit
615 1583 773 1648 hominem,
788 1583 841 1637 hac
858 1581 903 1637 via
915 1580 1073 1648 deficiente,
1087 1582 1121 1637 ad
1139 1598 1224 1655 expe-

81 1674 169 1730 ditum
192 1673 353 1731 facultatum
376 1688 489 1730 suarum
512 1672 677 1729 exercitium
700 1673 858 1747 pertingere
881 1669 981 1742 posse?
1000 1671 1029 1727 Si
1052 1674 1222 1729 extrariam

81 1766 216 1833 versaris,
239 1783 290 1822 cur
311 1766 463 1822 terminum
485 1764 525 1820 sis
550 1762 747 1821 assecuturus?
772 1763 800 1819 Si
824 1772 901 1819 extra
923 1771 1025 1818 statum
1048 1762 1076 1817 in
1096 1778 1150 1833 quo
1169 1771 1224 1818 tuae

83 1858 185 1914 mentis
203 1858 329 1914 conditor
349 1857 424 1912 Deus
442 1864 470 1911 te
483 1856 642 1922 collocavit,
660 1855 763 1928 quique
780 1855 883 1911 idcirco
899 1854 943 1909 lex
958 1863 1063 1909 naturae
1086 1855 1225 1926 putandus

79 1956 145 2015 -est,
162 1963 251 2015 erras,
266 1947 333 2018 quid
350 1946 451 2002 mirum
470 1946 494 2002 si
511 1961 591 2001 mens
604 1946 708 2002 sterilis
726 1961 759 2002 ac
774 1945 878 2001 inculta
895 1943 1067 2018 perstiterit?

120 2035 210 2109 Atque
224 2038 308 2103 hanc,
323 2052 406 2108 quam
425 2035 559 2105 dicimus,
578 2046 684 2092 naturae
699 2037 788 2110 legem
807 2052 870 2092 esse
885 2045 913 2092 et
932 2036 1043 2108 quidem
1055 2036 1223 2104 lacrimam,

85 2137 116 2183 ut
127 2128 200 2183 nibil
212 2129 378 2198 exceptionis
390 2128 495 2198 capiat,
509 2126 664 2182 luculenter
677 2126 831 2197 approbant
843 2124 913 2180 lacta
925 2124 1049 2196 quaedam
1063 2125 1225 2199 singularia.

84 2218 123 2273 Ea
135 2227 228 2274 autem
242 2234 292 2291 pro
305 2218 433 2276 instituto
451 2228 547 2275 nostro
560 2217 658 2274 leviter
672 2224 777 2271 tanturn
790 2216 958 2290 attingemus
967 2232 1016 2273 seu
1029 2217 1122 2288 potins
1135 2219 1226 2276 solum

79 2309 278 2366 indicabimus.

121 2401 171 2456 1111
186 2412 363 2476 argumenta,
381 2401 483 2473 quibus
499 2400 636 2457 evincitur
653 2408 773 2455 externae
789 2399 974 2457 institutionis
986 2402 1148 2459 methodum
1162 2403 1225 2457 uni-

80 2507 144 2547 cam
153 2492 227 2549 viam
240 2509 302 2550 csse
315 2509 368 2565 qua
383 2493 465 2550 homo
478 2489 514 2547 ad
525 2490 674 2548 veritatum
687 2489 834 2546 moralium
846 2505 879 2545 ac
891 2491 1141 2563 metaphysicarum
1152 2493 1227 2548 noti-

85 2583 151 2638 tiam
165 2585 316 2657 pertingat,
331 2584 395 2640 inde
409 2582 585 2656 potissimum
595 2580 733 2636 ducuntur
745 2578 820 2650 quod
832 2578 910 2635 lactis
921 2580 1107 2651 peculiaribus
1119 2590 1227 2637 constat

85 2687 134 2728 eos
154 2674 316 2744 omnesqui
338 2673 390 2727 hac
412 2674 456 2730 via
474 2680 585 2738 carent,
603 2685 702 2742 reapse
722 2669 752 2723 in
769 2684 866 2725 earum
886 2671 1034 2727 veritatum
1057 2671 1228 2744 ignoratione

85 2762 201 2816 versari.
222 2762 327 2834 Duplex
343 2777 409 2816 vero
426 2761 561 2816 factorum
577 2775 665 2832 genus
681 2759 728 2814 lric
746 2758 869 2814 occurrit
888 2775 895 2813 :
914 2759 968 2814 alia
985 2759 1019 2815 ad
1036 2775 1084 2817 eos
1101 2761 1228 2818 homines

83 2857 216 2919 *spectant
233 2850 280 2922 qui
298 2865 315 2905 a
333 2850 422 2923 prima
442 2848 559 2904 infantia
576 2849 611 2905 ab
633 2848 750 2904 aliorum
771 2848 936 2904 commercio
957 2849 1069 2921 penitus
1093 2853 1229 2926 segregati

87 2937 165 2994 lucre
183 2939 279 3011 sicque
299 2940 457 3006 adolevere;
481 2940 535 2995 alia
557 2940 592 2995 ad
614 2939 714 2995 surdos
736 2948 828 2994 mutos
848 2938 968 2995 attinent
987 2940 1048 3012 qui,
1062 2957 1229 3014 quamquam

83 3030 159 3086 inter
181 3031 287 3087 medios
314 3030 443 3087 homines
465 3031 551 3087 vitam
576 3040 669 3105 agant,
698 3029 821 3086 nondum
850 3029 931 3087 modo
953 3045 1050 3088 eorum
1072 3031 1229 3090 miserando

88 3121 174 3177 statui
191 3121 395 3178 accommodato
413 3120 526 3177 luerunt
543 3121 643 3179 edocti.

126 3210 244 3281 Quidam
270 3213 355 3287 igitur
376 3212 504 3269 homines
529 3213 659 3280 extitere,
680 3228 696 3268 a
718 3212 822 3268 teneris
842 3213 923 3269 annis
944 3212 979 3268 ab
998 3213 1073 3270 omni
1099 3228 1162 3268 curn
1185 3213 1230 3269 sul

86 3304 229 3362 similibus
242 3304 421 3372 commercio,
435 3303 590 3377 praesertim
599 3303 794 3370 intellectuali,
805 3302 918 3369 remoti;
931 3312 1014 3373 atque
1027 3304 1121 3359 nullus
1131 3304 1231 3360 horum

84 3409 140 3466 -per
158 3395 340 3467 semetipsum
358 3394 507 3451 veritatum
529 3409 598 3466 quas
621 3409 704 3466 supra
725 3393 848 3449 diximus
871 3393 1056 3466 cognitionem
1074 3403 1117 3449 est
1134 3408 1231 3449 conse-

88 3496 181 3543 cutus.
199 3486 256 3542 Nec
277 3486 352 3542 dicat
376 3486 439 3558 quis
461 3485 524 3542 illos
543 3483 660 3541 forsitan
678 3482 787 3541 delectu
810 3482 902 3554 aliquo
927 3483 1059 3554 peculiari
1077 3483 1231 3552 laborasse,

88 3578 136 3633 cui
150 3577 209 3632 haec
225 3592 321 3632 eorum
334 3577 469 3650 ignoratio
482 3576 520 3633 sit
533 3574 694 3643 tribuenda;
715 3590 780 3630 nam
796 3573 887 3646 primo
904 3573 1040 3646 ejusmodi
1058 3575 1232 3632 ratiocinatio

91 3675 124 3723 ut
136 3665 283 3722 arbitraria
300 3674 329 3722 et
342 3666 439 3722 fictitia
456 3667 519 3737 jore
537 3666 636 3724 merito
650 3665 680 3723 in
698 3666 861 3722 uuiversum
879 3665 957 3736 rejici
976 3674 1082 3737 possem
1104 3674 1133 3722 at
1153 3665 1233 3724 sactis

92 3756 162 3828 ipsis
187 3771 244 3812 non
264 3755 410 3811 arbitraria
437 3764 557 3822 tantum,
583 3755 632 3814 sed
656 3765 684 3812 et
706 3756 857 3814 salsissima
880 3755 1096 3812 demonstratur.
1122 3757 1233 3813 Etenim

91 3864 128 3904 ex
155 3845 320 3904 miserrimis
342 3846 405 3903 istis
430 3845 589 3903 bominibus
614 3846 723 3918 plureS,
744 3847 792 3903 ubi
816 3846 935 3902 aliorum
960 3847 1147 3903 communioni
1169 3857 1234 3904 sunt

93 3936 230 4005 restituti,
248 3952 313 3994 mox
331 3935 496 3994 docentibus
513 3936 577 3992 aliis
593 3936 724 3993 ueritates
742 3937 806 3993 illas
820 3936 978 3992 didicerunt
991 3945 1019 3993 et
1037 3946 1232 4012 cognoverunt.

94 4027 162 4083 Eam
180 4027 266 4101 igitur
286 4042 371 4082 unam
390 4027 425 4083 ob
443 4041 555 4083 causam
575 4025 666 4083 omnis
683 4027 849 4101 cognitionis
867 4035 995 4100 expertes
1014 4030 1092 4101 prius
1109 4029 1232 4096 fucrant,

93 4116 168 4189 qnod
185 4117 362 4174 institutione
374 4118 512 4174 carebant.

132 4207 208 4264 ldem
233 4208 370 4266 evincitur
391 4224 424 4264 ex
445 4208 602 4266 miseranda
624 4208 772 4265 surdorum
795 4217 934 4266 mutorum
956 4208 1123 4267 conditione.
1146 4208 1234 4265 Hodie

95 4298 199 4372 quippe
215 4307 386 4373 compertum
403 4300 631 4376 exploratumque
647 4308 690 4358 est
702 4315 751 4358 cos
776 4300 920 4361 notionum
936 4300 1083 4360 moralium
1099 4315 1132 4355 ac
1147 4309 1234 4357 mcta-
