3150 5160
215 374 277 432 Eli
616 388 655 429 ue
675 387 769 431 sauna
791 387 970 432 scutorum.

212 533 405 590 testimonium
426 532 478 588 hoc
499 532 572 604 quod
594 531 629 587 de
652 548 683 589 se
701 534 831 605 perhibet
852 534 976 591 Ecclesia
996 535 1191 593 firmissimum
1213 547 1305 594 estet
1329 542 1366 596 ab

210 624 287 682 omui
312 623 494 695 ambiguitate
518 631 566 678 aut
585 621 670 680 dubio
693 624 829 693 alienum,
856 626 921 696 quia
947 626 1141 684 testimonium
1165 637 1209 685 est
1234 630 1362 686 omnium

212 715 390 779 saectrlorum,
413 713 493 769 lactis
515 713 635 784 publicis
661 715 790 786 cuiquam
809 716 899 772 obviis
923 717 1034 784 nixum,
1061 719 1135 789 quod
1158 718 1262 775 idcirco
1285 721 1365 791 rejici

212 805 310 877 nequit
325 804 393 874 quin
411 803 524 859 tollatur
541 805 633 861 omnis
647 803 716 862 lides
738 807 884 863 historica.

248 896 350 951 Verum
370 894 399 949 iu
418 895 466 949 illa
485 895 636 950 christiana
656 897 788 952 societate
811 912 894 967 quam
917 896 1071 952 Ecclesiam
1095 895 1229 963 dicimus,
1249 913 1368 969 quaeque

211 986 310 1058 quovis
331 985 431 1041 saeculo
455 985 528 1040 haud
554 985 713 1042 intermissa
736 987 930 1058 episcoporum
947 986 1020 1043 serie
1041 985 1137 1041 eadem
1160 986 1299 1052 cernitur,
1319 1002 1367 1043 oc-

212 1085 329 1134 currunt
347 1076 450 1146 scripta
471 1086 649 1132 monumenta
670 1077 883 1148 antiquissima,
902 1093 977 1148 quae,
996 1077 1055 1133 sive
1078 1076 1212 1132 divinitus
1230 1077 1366 1148 inspirata

213 1168 382 1234 habeantur,
396 1167 456 1223 sive
473 1182 545 1233 uon,
562 1168 592 1222 in
609 1166 735 1238 ejusdem
754 1169 896 1225 societatis
913 1168 1037 1225 divinam
1056 1166 1191 1241 originem
1209 1165 1366 1222 testandam

212 1258 347 1314 advocare
363 1257 438 1314 licet.
452 1256 559 1327 Scripta
576 1258 635 1312 haec
650 1258 777 1329 quidem,
793 1259 847 1314 nisi
868 1259 1007 1316 extitisset
1024 1257 1072 1312 illa
1089 1258 1222 1324 societas,
1236 1273 1287 1313 nec
1307 1258 1366 1329 ipsa

214 1349 333 1405 inissent
350 1363 402 1404 uec
421 1349 502 1403 uobis
516 1348 584 1404 satis
600 1349 679 1404 firma
696 1350 862 1406 auctoritate
880 1348 996 1422 praedita
1013 1347 1215 1414 innotuisseut;
1230 1347 1280 1403 sod
1298 1363 1366 1419 quo·

214 1439 301 1505 uiam,
315 1438 388 1510 quod
401 1439 436 1494 ad
449 1454 509 1494 rem
522 1448 641 1511 spectat,
655 1440 735 1496 adest
751 1441 869 1496 societas
883 1440 949 1505 ista,
964 1439 1113 1494 maximam
1126 1438 1192 1493 iude
1206 1437 1366 1494 firmitatem

213 1530 328 1584 trahunt
348 1537 376 1584 et
396 1529 479 1584 talem
498 1538 573 1585 certe
591 1531 702 1601 qualem
722 1530 799 1585 nulla
817 1529 872 1585 alia
896 1529 999 1601 scripta
1020 1529 1074 1585 sibi
1093 1528 1253 1596 vindicant3
1273 1530 1366 1586 nullus

214 1619 290 1674 euim
306 1619 378 1675 liber
394 1620 526 1691 antiquus
543 1628 583 1675 tot
601 1630 629 1677 et
641 1621 728 1678 tantis
741 1620 911 1677 testimoniis
926 1619 1053 1686 fulcitur,
1066 1619 1171 1690 quippe
1184 1635 1271 1690 quum
1289 1635 1365 1675 sacra

214 1709 431 1766 christianorum
453 1721 632 1767 monumenta
655 1712 788 1785 publicae,
812 1712 886 1767 haud
909 1711 1085 1781 interruptae,
1112 1709 1166 1764 rite
1187 1709 1364 1782 organizans,

214 1800 312 1856 acilia
331 1809 471 1872 tamquam
490 1817 540 1857 sua
560 1817 669 1858 summo
686 1802 778 1859 studio
796 1801 980 1858 custodientis
999 1800 1139 1857 societatis
1159 1808 1295 1871 perpetuo
1310 1808 1366 1857 tes·

214 1892 332 1948 timonio
348 1893 484 1948 nituntur.
503 1892 571 1960 Quae
587 1908 674 1964 quum
692 1893 731 1949 ita
751 1908 782 1949 se
802 1893 936 1958 habeant,
955 1892 1068 1963 pianum
1086 1890 1117 1946 lit
1134 1890 1263 1963 theologo
1284 1890 1367 1946 licere

214 1992 374 2055 argumenta
395 2000 411 2039 e
432 1983 584 2054 Scripturis
606 1984 708 2040 ducere
730 1983 831 2054 quibus
852 1983 982 2039 Ecclesiae
1003 1983 1197 2038 auctoritatem
1221 1981 1365 2039 confirmet

214 2073 379 2129 illustretve.
396 2073 432 2128 ht
449 2074 534 2144 probe
551 2074 703 2129 notandum
720 2089 771 2130 nos
788 2074 835 2129 ubi
854 2073 883 2128 id
899 2072 1008 2145 agimus
1027 2087 1202 2143 nequaquam
1223 2072 1252 2127 in
1271 2072 1365 2128 eodem

215 2171 289 2219 statu
311 2164 417 2219 versari
439 2179 471 2219 ac
491 2172 690 2235 protestantes,
713 2163 786 2235 quod
808 2163 920 2234 penitus
941 2163 1051 2218 diversa
1074 2171 1189 2219 tuemur
1212 2164 1360 2235 principia3

215 2254 240 2309 si
265 2254 340 2309 euim
364 2271 447 2310 verus
471 2254 541 2310 leret
567 2255 830 2326 protestantismus,
855 2254 936 2325 sique
957 2253 1106 2310 methodus
1132 2268 1217 2324 quam
1241 2255 1365 2325 jactata

215 2345 326 2403 Christo
343 2344 442 2401 luisset
458 2345 540 2411 inita,
555 2346 674 2401 societas
692 2345 768 2399 nulla
782 2353 857 2400 esset
875 2360 936 2415 quae
950 2343 1157 2414 Scripturarum
1175 2345 1365 2401 auctoritatem

215 2436 269 2492 hac
287 2436 395 2492 ratione
413 2435 545 2491 firmaret.
569 2436 664 2506 ltaque
682 2434 843 2504 Scripturas
864 2434 898 2489 ab
921 2434 1044 2488 Ecclesia
1063 2441 1130 2488 tunc
1148 2433 1233 2489 etiam
1254 2434 1364 2489 minime

215 2525 412 2591 distrahimus;
433 2525 482 2580 sed
502 2525 611 2580 etiamsi
632 2539 688 2580 nou
710 2533 905 2595 spectarentur
923 2532 954 2578 ut
972 2524 1107 2578 divinitus
1126 2524 1284 2594 inspiratae,
1305 2523 1365 2579 inde

213 2617 278 2688 jure
295 2616 394 2671 merito
411 2616 588 2686 probationes
605 2614 737 2670 ducimus
755 2614 988 2685 quemadmodum
1003 2625 1032 2670 ct
1049 2630 1083 2670 er
1098 2614 1161 2670 aliis
1179 2614 1366 2671 monumentis

215 2722 277 2778 quae
294 2707 322 2762 in
341 2707 437 2762 eadem
452 2706 575 2761 Ecclesia
591 2715 666 2760 certa
679 2720 711 2760 ac
726 2705 882 2760 indubitata
901 2704 1114 2775 conspiciuntur
1129 2705 1279 2774 :quamvis
1294 2705 1364 2760 euim

216 2797 335 2854 societas
356 2797 403 2851 illa
421 2796 574 2852 christiana
593 2795 715 2851 nondum
734 2795 827 2851 diviua
847 2795 1009 2858 haberetur,
1033 2794 1082 2849 sod
1101 2795 1225 2850 humano
1243 2804 1364 2862 tautum,

214 2887 406 2944 testimouium
420 2887 481 2957 ejus
494 2887 529 2942 de
542 2886 750 2957 Scripturarum
763 2886 907 2941 authentia
920 2894 948 2940 et
962 2885 1015 2941 lide
1029 2885 1161 2941 historica
1175 2886 1365 2942 firmissimum

216 2983 272 3042 est,
289 2977 412 3048 adeoque
430 2993 464 3032 ex
485 2977 556 3048 ipsis
578 2977 616 3032 ita
636 2977 797 3033 constitutis
820 2992 947 3048 promere
969 2976 1101 3048 deinceps
1120 2977 1187 3032 licet
1206 2985 1365 3051 argumenta

216 3067 319 3138 quibus
334 3070 432 3123 divino
449 3068 618 3138 approbetur
636 3067 770 3122 Ecclesia.
813 3092 816 3097 1

253 3155 343 3227 Atque
367 3157 420 3213 hoc
442 3158 524 3212 modo
543 3157 664 3230 theologi
684 3156 813 3212 catholici
833 3156 923 3212 solent
942 3155 1094 3228 Scripturis
1116 3157 1158 3212 uti
1177 3156 1213 3212 ad
1240 3173 1366 3230 compro·

215 3246 336 3303 baudam
354 3247 481 3302 diuinam
502 3247 633 3302 Ecclesiae
654 3247 847 3303 auctoritatem
866 3264 874 3302 τ
894 3262 941 3303 eas
964 3262 1065 3318 nempe
1087 3256 1204 3302 sumunt
1225 3257 1366 3319 tamquam

216 3347 428 3394 mouumentum
450 3336 636 3393 indubitatum
656 3337 730 3411 (nou
751 3337 935 3408 respicientes
956 3337 992 3392 ad
1013 3336 1137 3393 divinam
1161 3336 1223 3407 ejus
1247 3337 1367 3409 inspira·

215 3429 338 3496 tionem,
357 3444 440 3500 quam
459 3445 492 3484 ex
511 3429 604 3485 divina
623 3428 754 3485 Ecclesiae
773 3429 938 3484 auctoritate
956 3435 1085 3483 constare
1097 3426 1196 3483 dicunt
1208 3427 1234 3501 l,
1256 3437 1289 3484 ut
1304 3429 1367 3484 inde

216 3529 378 3592 argumenta
395 3528 493 3575 eruant
508 3535 570 3590 quae
586 3519 718 3575 Ecclesiae
736 3519 911 3575 divinitatem
929 3526 1060 3574 statuant.
1075 3517 1154 3585 Quod
1170 3528 1247 3576 certe
1263 3521 1367 3592 optimo

216 3613 279 3682 jure
296 3612 357 3668 lieri
371 3621 471 3683 potest.
485 3611 521 3667 ht
539 3611 682 3682 Scriptura
698 3619 792 3666 tamen
809 3610 853 3665 vel
872 3611 924 3665 hac
942 3610 1050 3666 ratione
1069 3611 1245 3668 considerata
1262 3628 1367 3684 nequa·

217 3717 300 3771 quam
317 3702 443 3757 habenda
458 3710 502 3757 est
515 3709 546 3755 ut
563 3701 749 3772 praecipuum,
765 3699 958 3756 multominus
976 3709 1005 3756 ut
1017 3701 1130 3758 unicum
1144 3701 1248 3758 divinae
1266 3704 1368 3761 indolis

218 3791 349 3848 Ecclesiae
376 3792 607 3856 fundamentum,
633 3791 706 3846 bene
733 3798 827 3845 autem
856 3801 886 3847 ut
915 3791 977 3848 lons
996 3793 1146 3862 peculiaris
1171 3793 1368 3864 probationum

217 3895 273 3951 quo
295 3895 354 3935 rem
377 3897 412 3936 ex
434 3884 532 3939 multis
555 3883 619 3938 aliis
638 3882 777 3953 capitibus
793 3884 851 3953 jam
871 3892 1003 3939 statutam
1026 3883 1123 3938 itidem
1143 3882 1256 3940 lirmare
1276 3885 1367 3942 liceat.

217 3970 308 4042 Atque
324 3970 349 4026 is
363 3972 475 4028 taudem
489 3973 543 4029 erit
556 3983 650 4029 rectus
667 3988 699 4027 ac
714 3988 863 4046 germanus
880 3972 1086 4044 Scripturarum
1102 3989 1181 4030 usus.
1198 3974 1260 4042 Quo
1277 3975 1369 4045 posito

217 4063 400 4134 quaestiouem
421 4064 558 4134 principio
577 4064 664 4135 hujus
683 4065 847 4138 paragraphi
867 4064 1025 4120 institutam
1044 4064 1167 4136 penitius
1184 4065 1368 4138 attingamus.

254 4153 422 4224 Plerumque
446 4154 547 4209 accidit
568 4163 616 4222 ut,
641 4169 728 4226 quum
753 4156 883 4212 Ecclesiae
904 4154 1064 4212 deleusores
1086 4170 1149 4210 cum
1171 4153 1207 4209 iis
1227 4153 1371 4210 haereticis

216 4252 302 4318 agunt
314 4244 362 4316 qui
377 4242 537 4300 universam
554 4245 715 4300 christianae
734 4245 878 4320 religionis
890 4245 1071 4303 oeconomiam
1085 4245 1114 4300 iu
1134 4244 1290 4316 Scripturis
1310 4247 1370 4302 col-

217 4334 309 4391 locant
327 4347 495 4408 omnemque
513 4341 656 4392 externam
675 4350 707 4392 ac
724 4337 815 4395 viram
833 4336 1027 4395 auctoritatem
1049 4334 1215 4394 labefactare
1237 4337 1370 4406 student,
