3150 5160
677 500 817 582 theut
845 501 875 581 1.

284 757 449 799 ludunensis
468 756 666 798 ruthosoetttffls
684 758 719 797 ΕΤ
739 757 911 798 nunonoetcts
931 759 1121 805 tucrohtntrts
1140 764 1278 805 nannenus

553 848 738 888 comitianorum
757 849 791 888 ΕΤ
810 848 1000 889 tttttsrttatttn.

247 1051 392 1125 Duplieem
408 1053 444 1109 ob
461 1067 574 1110 causam
594 1069 650 1110 non
668 1053 839 1127 argumentis
862 1054 943 1111 modo
962 1057 1140 1132 theologicis,
1159 1076 1175 1116 e
1194 1060 1353 1117 christianae

211 1141 352 1215 religionis
369 1152 513 1200 natureae
529 1159 613 1217 scopo
625 1145 733 1212 ductis,
754 1161 813 1200 rem
828 1145 962 1218 agendam
976 1163 1039 1203 esse
1056 1163 1169 1218 censeo,
1183 1151 1232 1206 sed
1247 1160 1276 1207 et
1288 1168 1352 1223 pro-

210 1232 334 1290 bationes
347 1235 555 1307 philosophicas
568 1236 750 1292 advocandos.
761 1235 855 1291 Primo
868 1235 979 1307 quidem
994 1237 1018 1294 si
1031 1254 1095 1293 cum
1108 1241 1210 1296 mentis
1224 1242 1353 1299 humanae

210 1324 317 1398 legibus
336 1325 468 1381 collatum
488 1325 573 1383 luerit
589 1328 721 1396 scotoma
735 1325 847 1382 Christo
865 1335 1015 1396 statutum,
1029 1329 1090 1401 ejus
1103 1331 1238 1386 rationem
1253 1332 1353 1388 melius

210 1414 332 1487 prolecto
346 1432 445 1472 sumus
458 1417 624 1473 assecuturi.
638 1416 674 1474 ht
687 1416 714 1472 id
727 1431 771 1471 me
784 1416 922 1488 praecipue
934 1427 1024 1475 movet
1037 1428 1068 1474 ut
1082 1419 1152 1476 hanc
1163 1421 1253 1475 ineam
1266 1407 1352 1487 riam,

211 1505 282 1577 quod
296 1515 482 1578 protestantes
500 1509 638 1582 theologi,
652 1506 800 1562 maximam
819 1515 927 1579 partem
939 1507 1022 1564 hodie
1035 1509 1224 1567 rationalismo
1237 1509 1352 1578 addicti,

211 1598 306 1654 crebro
323 1597 455 1654 Ecclesiae
472 1598 664 1654 auctoritatem
683 1596 799 1653 rationis
819 1596 947 1653 humanae
964 1597 1072 1672 legibus
1091 1615 1124 1655 ac
1140 1600 1252 1671 juribus
1268 1616 1352 1672 repu-

211 1703 294 1760 gnare
312 1688 495 1746 mentiuntur.
509 1688 598 1756 Quam
611 1690 647 1745 oh
660 1703 772 1744 causam
786 1703 882 1743 manca
903 1704 954 1744 nec
973 1689 1058 1759 hujus
1073 1691 1162 1747 aetatis
1178 1690 1352 1746 necessitati-

211 1778 262 1836 bus
281 1780 487 1836 accommodata
505 1779 617 1836 videtur
635 1778 758 1835 methodi
775 1779 918 1835 catholicae
941 1779 1155 1845 demonstratio,
1179 1797 1241 1852 quoe
1262 1796 1352 1852 quaes-

212 1869 315 1926 tionem
328 1870 400 1925 hanc
415 1869 636 1942 philosophicam
650 1869 769 1926 omittat.
785 1869 879 1940 ltaque
893 1878 936 1936 ut,
952 1870 1042 1941 quoad
1055 1870 1115 1926 lieri
1129 1879 1234 1942 potest,
1249 1879 1352 1926 rectam

211 1970 356 2017 teneamus
378 1960 466 2028 viam,
487 1970 650 2034 argumenta
673 1961 866 2034 philosophica
892 1960 994 2033 quibus
1018 1961 1144 2016 firmetur
1168 1959 1353 2016 institutionis

211 2062 293 2125 atque
310 2051 484 2109 auctoritatis
502 2052 650 2109 methodus
669 2051 765 2123 paucis
778 2053 892 2119 saltem,
907 2062 939 2107 ut
951 2050 1005 2106 lert
1022 2051 1144 2107 instituti
1164 2051 1253 2107 nostri
1267 2050 1351 2116 ratio,

211 2145 378 2219 attingemus
396 2151 476 2199 antea
495 2159 578 2215 quam
597 2143 630 2199 ad
644 2141 821 2214 probationes
833 2141 1003 2215 theologicas
1015 2141 1190 2198 adducendas
1209 2141 1352 2216 aggredia-

211 2248 282 2291 mor.

753 2438 811 2511 §n

211 2671 402 2714 tttsrtrustottts
417 2674 502 2722 droun
521 2672 710 2714 auctoritatis
728 2673 866 2715 nerhenes
885 2673 1050 2714 ancumhhrls
1068 2675 1099 2714 tn
1114 2673 1226 2714 1111?thAE
1244 2673 1353 2714 handum

567 2777 676 2819 LEGIBUS
695 2780 787 2822 bucrts
805 2780 999 2821 CONFlelh‘l'Uli.

247 2968 379 3025 Ecclesiae
398 2967 537 3024 institutio
556 2970 653 3041 procul
672 2971 756 3027 dubio
776 2969 940 3028 estfactum
958 2971 1077 3027 liberum
1096 2977 1125 3026 et
1145 2972 1317 3043 contingens,
1337 2989 1353 3026 a

211 3057 261 3112 Dei
273 3055 445 3130 benignitate
455 3065 483 3113 et
496 3056 631 3129 sapientia
644 3059 808 3131 proiectum.
822 3061 897 3117 Deus
909 3069 1015 3128 autem,
1029 3069 1126 3132 utpote
1137 3068 1243 3117 naturae
1254 3062 1355 3117 huma-

211 3163 254 3202 nae
267 3145 409 3215 conditor,
423 3163 493 3220 opus
510 3163 592 3204 suum
609 3149 712 3220 optime
728 3153 816 3209 novit.
829 3153 897 3222 Quae
912 3153 974 3225 eius
988 3152 1064 3226 jura,
1079 3169 1140 3224 quae
1156 3153 1352 3219 necessitates,

210 3254 272 3310 quae
291 3237 404 3295 tandem
424 3239 453 3295 in
472 3238 634 3296 universum
653 3242 714 3313 cjus
736 3243 812 3318 leges
833 3245 904 3313 sint,
925 3244 1048 3317 prolecto
1069 3244 1155 3315 probe
1176 3251 1353 3328 perspectum

209 3329 439 3402 exploratumque
452 3329 544 3386 hahet.
559 3329 694 3399 Quoniam
707 3347 787 3399 vero,
800 3349 850 3405 pro
867 3349 899 3389 ea
912 3349 966 3405 qua
979 3334 1065 3406 pollet
1078 3348 1187 3389 summa
1205 3331 1352 3404 sapientia,

210 3421 303 3476 omnia
323 3435 456 3486 numero,
474 3421 598 3492 pondere
618 3431 647 3478 et
666 3437 796 3479 mensura
815 3421 912 3490 efficit,
932 3423 962 3477 in
982 3430 1110 3495 promptu
1133 3429 1260 3476 osteum
1284 3437 1353 3493 quas

211 3508 273 3581 ipse
291 3508 389 3565 statuit
406 3509 535 3566 humane
553 3521 659 3568 naturae
675 3511 750 3586 leges
768 3526 958 3583 nequaquam,
973 3527 1046 3568 caeco
1068 3510 1145 3566 velut
1164 3509 1286 3581 impetu,
1305 3510 1353 3567 lae·

209 3600 277 3656 dere
293 3606 342 3655 aut
358 3598 522 3670 perturbare
541 3616 638 3671 posse,
656 3603 705 3659 sed
724 3602 761 3659 iis
780 3602 977 3660 convenienter
993 3601 1111 3676 operari.
1128 3600 1199 3656 llinc
1218 3600 1302 3657 simul
1320 3616 1353 3657 ac

209 3691 361 3763 quidquam
378 3689 502 3747 decrevit
517 3689 678 3749 hominibus
693 3693 967 3762 accommodandum,
986 3708 1102 3750 summae
1116 3690 1304 3763 protervitatis
1320 3707 1353 3750 ac

210 3781 330 3839 inscitiae
343 3789 386 3838 est
398 3796 557 3838 asseverare
570 3780 599 3836 id
612 3797 677 3837 curn
690 3783 818 3839 humanae
830 3792 936 3840 naturae
947 3783 1055 3858 legibus
1071 3796 1204 3854 pugnare.

247 3869 320 3940 Quid
333 3869 417 3946 ergo?
430 3871 508 3927 'lune
520 3869 591 3928 sorte
603 3871 671 3928 adeo
688 3873 811 3940 insanis,
825 3873 935 3946 utquid
948 3873 1025 3946 operi
1039 3888 1089 3929 suo
1106 3873 1252 3930 conveniat
1266 3876 1352 3932 Deum

210 3961 298 4017 latore
319 3963 440 4028 sentias,
460 3971 509 4017 aut
530 3971 605 4018 certe
623 3962 649 4017 ei
671 3962 768 4019 deesse
787 3963 957 4020 voluntatem
979 3969 1179 4035 potestatemve
1200 3961 1271 4018 illud
1289 3977 1353 4019 exe-

211 4049 333 4123 quendi?
350 4052 429 4119 Quod
449 4052 473 4108 si
493 4051 531 4108 ita
548 4068 605 4109 non
623 4063 679 4120 est,
697 4068 747 4109 cur
763 4052 807 4108 vel
826 4054 855 4110 in
874 4062 997 4111 mentem
1016 4053 1093 4110 venit
1109 4052 1225 4110 dubium
1242 4068 1277 4107 an
1292 4053 1353 4109 lieri

210 4157 267 4198 non
283 4144 372 4213 possit
391 4151 422 4199 ut
439 4143 512 4199 Deus
529 4142 665 4214 ejusmodi
677 4144 751 4199 riam
764 4142 838 4201 ineat
854 4143 1068 4218 hominibusque
1081 4143 1185 4216 pariter
1202 4140 1352 4198 ineundam

210 4232 352 4305 praecipiat
364 4251 426 4307 quae
438 4250 534 4294 eorum
545 4243 650 4291 naturae
663 4233 817 4309 repugnet?
