3150 5160
348 352 390 411 to
427 386 434 411 t
472 367 512 409 uu
527 365 566 409 us
580 365 723 408 aurursus
736 364 789 420 our
804 361 876 406 uosr
890 361 979 405 avon
1001 360 1204 407 urosrourcuu
1219 361 1384 408 morosus.

347 520 529 585 permanente
545 512 619 583 apud
637 527 701 576 nos,
719 516 891 565 revertamur
906 505 940 562 ad
956 522 1034 574 eam,
1047 524 1108 579 quae
1123 516 1167 563 est
1182 523 1216 564 ex
1230 507 1381 581 Scripturis
1395 520 1490 567 osteu-

347 603 454 659 sionem
473 617 585 667 eorum,
604 600 650 671 qui
670 598 849 673 Evangelium
871 597 1109 668 conscripserunt,
1131 599 1325 669 Apostolorum
1347 597 1491 674 (1).»-

347 694 381 749 Et
394 708 459 749 vero
478 692 567 764 pergit
581 691 701 747 lreuaeus
719 704 735 744 e
752 687 903 758 Scripturis
917 696 1012 742 contra
1026 687 1170 744 Gnosticos
1182 690 1368 762 argumentari
1382 704 1493 747 eorum-

347 799 402 854 que
425 783 523 854 placita
554 773 715 853 siugulatim
744 777 882 834 refellere.
902 775 962 843 Quo
985 778 1127 848 praestito,
1150 779 1246 850 paucis
1270 781 1437 836 contrahens
1458 795 1491 835 ea

347 889 410 943 quae
427 872 538 943 copiose
557 870 691 926 hacteuus
712 870 898 934 disseruerat,
916 869 957 924 sic
974 869 1125 925 orationem
1145 870 1304 926 concludit:
1321 871 1493 929 «Traductis

347 962 433 1036 igitur
446 962 575 1017 omuibus
586 962 632 1032 qui
647 960 776 1016 nefandas
790 958 912 1014 inierunt
928 958 962 1015 de
975 958 1077 1014 lectore
1088 968 1116 1014 et
1130 960 1294 1030 plasmatore
1307 969 1416 1017 nostro.
1427 1001 1434 1015 .
1445 1001 1452 1015 .
1464 976 1490 1027 .;

347 1052 571 1123 praedicationem
588 1067 654 1107 vero
672 1051 804 1107 Ecclesiae
822 1048 945 1121 undique
961 1058 1147 1114 constantem,
1161 1058 1189 1105 et
1203 1050 1348 1121 aqualiter
1365 1066 1496 1122 perseue-

348 1150 473 1206 rantem,
494 1151 523 1197 et
545 1141 735 1197 testimouium
758 1140 905 1195 habentem
925 1154 941 1194 a
961 1139 1109 1210 Prophetis
1130 1149 1159 1195 et
1179 1140 1214 1195 ab
1233 1139 1389 1211 Apostolis,
1410 1150 1438 1197 et
1458 1140 1495 1198 ab

348 1231 479 1288 omuibus
491 1231 651 1302 discipulis,
665 1229 897 1303 quemadmodum
911 1228 1086 1285 ostendimus
1103 1244 1153 1301 per
1165 1230 1259 1297 initia,
1274 1240 1302 1287 et
1314 1230 1494 1297 medietates,

349 1328 377 1376 et
396 1318 496 1385 linem,
510 1327 538 1375 et
560 1335 610 1391 per
629 1321 787 1377 universam
809 1321 859 1376 liei
879 1321 1106 1391 dispositionem,
1126 1328 1154 1376 et
1176 1335 1237 1376 eam
1257 1337 1319 1392 quae
1341 1322 1496 1378 secuudum

349 1413 468 1468 salutem
487 1411 608 1467 hominis
625 1421 668 1467 est
685 1412 793 1467 solitam
814 1412 1016 1482 operationem,
1032 1418 1150 1481 quaeest
1167 1412 1197 1464 in
1215 1411 1268 1480 fide
1284 1418 1393 1476 nostra·
1411 1428 1497 1481 qnam

348 1507 501 1572 perceptam
513 1502 546 1556 ab
558 1501 678 1557 Ecclesia
692 1500 751 1575 (En
764 1502 831 1558 ordo
847 1513 967 1569 naturae,
980 1503 1024 1558 ria
1037 1502 1144 1558 scilicet
1161 1502 1345 1558 iustitutionis
1360 1517 1393 1558 ac
1408 1503 1498 1558 tradi-

349 1592 435 1648 tionis
457 1608 464 1647 :
487 1592 610 1647 Ecclesia
631 1592 723 1659 docet,
746 1593 828 1649 homo
853 1590 975 1665 accipit)
1000 1591 1191 1656 custodimus,
1214 1604 1243 1647 et
1264 1607 1326 1663 quae
1348 1608 1497 1665 sempera

350 1680 455 1752 Spiritu
474 1681 523 1736 bei
544 1680 759 1753 (commemorat
778 1697 854 1738 nuuc
875 1683 1012 1738 auxilium
1031 1698 1085 1754 quo
1104 1683 1273 1739 communita
1295 1683 1420 1740 Ecclesia
1437 1683 1498 1740 lulli

350 1769 478 1844 nequit),
491 1772 570 1842 quasi
587 1772 617 1827 iu
635 1787 700 1828 vase
718 1774 790 1829 bono
809 1773 942 1829 eximium
961 1772 1099 1845 quoddam
1118 1773 1274 1844 depositum
1292 1774 1497 1845 juvenescens,

350 1872 378 1918 et
389 1863 570 1932 juvenescere
586 1862 692 1918 iaciens
706 1863 799 1934 ipsum
811 1879 860 1919 aas
873 1864 901 1918 iu
915 1878 969 1934 quo
983 1871 1035 1919 est.
1052 1864 1109 1920 lloc
1122 1863 1196 1918 euim
1213 1863 1344 1920 Ecclesiae
1359 1865 1499 1921 creditum

350 1963 394 2010 est
413 1953 460 2008 Dei
474 1968 591 2016 munus,
605 1955 831 2023 quemadmodum
843 1955 880 2008 od
898 1954 1109 2024 inspirationem
1119 1955 1298 2023 plasmatione?
1314 1951 1380 2027 (ἢ),
1394 1953 1428 2009 ad
1444 1953 1501 2010 hoe

352 2053 382 2101 ut
399 2045 491 2101 omnia
508 2043 632 2099 membra
651 2044 832 2115 percipientia
847 2042 1043 2099 vivificentur:
1064 2052 1092 2098 et
1108 2043 1137 2097 iu
1158 2058 1191 2099 eo
1207 2043 1341 2114 disposita
1363 2041 1502 2117 (forsitan

350 2134 496 2207 legendum
511 2142 554 2189 est
567 2135 687 2204 deposita
695 2134 708 2206 )
722 2143 765 2189 est
777 2133 989 2189 communicatio
999 2132 1117 2200 Christi,
1132 2133 1158 2189 id
1173 2143 1230 2201 est,
1241 2134 1360 2205 Spiritus
1371 2143 1501 2202 sauctus,

350 2226 438 2281 arrha
455 2227 658 2295 incorruptela,
676 2232 705 2279 et
723 2223 896 2280 confirmatio
912 2223 976 2279 lidei
996 2231 1112 2288 nostrae,
1133 2232 1161 2279 et
1179 2224 1252 2279 scala
1271 2223 1444 2281 ascensionis
1464 2225 1503 2281 ad
1543 2282 1549 2294 ,

351 2316 448 2371 Deum.
468 2315 502 2370 ln
520 2315 640 2371 Ecclesia
655 2316 742 2380 enim,
762 2315 863 2386 iuquit,
888 2315 979 2386 posuit
997 2315 1068 2370 Dens
1085 2313 1237 2384 Apostolos,
1254 2314 1416 2384 prophetas,
1435 2315 1502 2369 doa-

351 2412 438 2471 tores,
461 2414 490 2461 et
515 2404 673 2461 universam
702 2403 837 2475 reliquam
861 2406 1050 2475 operationem
1076 2403 1197 2476 Spiritus
1221 2421 1229 2460 :
1252 2403 1334 2475 cujus
1355 2419 1411 2460 uou
1433 2415 1506 2461 suut

351 2495 501 2568 participes
515 2511 628 2563 amaea,
644 2495 761 2567 quinon
775 2502 891 2550 currunt
903 2494 937 2549 ad
950 2495 1114 2556 Ecclesiam.
1131 2495 1179 2551 sed
1193 2495 1359 2566 semetipsos
1371 2493 1503 2551 fraudant

351 2601 368 2640 a
381 2585 452 2650 vita,
465 2601 515 2657 per
528 2585 694 2641 senteutiam
712 2583 810 2639 malam
825 2593 853 2640 et
865 2585 1051 2655 operationem
1069 2585 1229 2656 pessimam.
1252 2585 1304 2641 Ubi
1319 2586 1392 2640 enim
1409 2585 1503 2642 Eccle-

350 2678 407 2741 sia,
421 2677 460 2732 ibi
473 2685 497 2733 et
510 2676 635 2747 Spiritus
647 2676 709 2741 Dei,·
722 2682 746 2730 ct
758 2676 806 2730 nbi
818 2675 942 2746 Spiritus
954 2677 1018 2741 liei,
1033 2676 1091 2730 illia
1103 2675 1235 2740 Ecclesia,
1248 2679 1272 2730 ct
1286 2677 1375 2730 omnia
1387 2678 1502 2745 pratia:

350 2765 475 2837 Spiritus
496 2773 586 2822 aulem
608 2769 719 2822 ueritas.
744 2765 915 2838 Quapropter
936 2770 984 2838 qni
1006 2783 1062 2822 non
1081 2769 1253 2837 participant
1274 2783 1354 2832 enm,
1376 2784 1462 2837 neque
1483 2785 1504 2824 a

352 2860 482 2913 mamillis
494 2860 592 2913 matris
608 2860 774 2913 nutriuntur
787 2859 818 2911 in
831 2859 931 2925 uitam,
944 2875 1028 2927 neque
1043 2858 1202 2928 percipiunt
1218 2860 1249 2912 dc
1267 2873 1378 2928 corpore
1396 2855 1504 2913 Christi

350 2951 536 3019 procedentem
549 2950 749 3015 nitidissimum
764 2949 881 3017 sontcm;
895 2950 941 3003 scd
953 2949 1084 3018 effodiunt
1102 2948 1156 3002 aidi
1172 2949 1240 3002 locos
1253 2949 1364 3002 detritos
1377 2949 1408 3002 dc
1420 2948 1504 3016 [ossis

354 3041 481 3105 terrenis,
496 3046 520 3094 et
539 3041 570 3093 dc
583 3056 653 3094 cano
670 3041 796 3110 putidam
811 3041 906 3095 bibunt
920 3055 1034 3108 aquam,
1047 3040 1203 3108 cffnpientes
1219 3040 1299 3107 fidem
1315 3038 1454 3106 Ecclesia,
1468 3056 1505 3095 ne

354 3131 553 3194 traducentem·
568 3130 717 3198 rejicientes
729 3146 791 3184 uero
804 3129 956 3199 Spiritum,
970 3135 1000 3184 nt
1013 3145 1068 3182 non
1081 3130 1247 3184 erudiantur
1262 3128 1293 3202 (5
1301 3129 1321 3204 ).
1334 3148 1349 3182 »

391 3218 535 3289 Apertiora
553 3234 620 3273 saue
633 3234 665 3274 ac
681 3219 832 3274 illustriora
845 3227 911 3274 suut
928 3233 960 3273 ea
976 3218 1059 3273 verba
1076 3234 1159 3289 quam
1175 3227 1206 3274 ut
1222 3219 1314 3290 aliqua
1331 3229 1502 3276 commenta-

354 3307 430 3363 tione
450 3315 556 3382 cgeaut.
572 3307 656 3364 Vides
671 3309 915 3379 quemadmodum,
934 3323 967 3362 ex
986 3307 1083 3363 lreuaei
1101 3318 1206 3376 mente,
1224 3319 1281 3365 tam
1298 3319 1373 3366 arcto
1389 3311 1503 3369 viuculo

356 3397 477 3469 Spiritus
499 3399 547 3454 liei
570 3407 598 3454 et
619 3398 742 3455 Ecclesia
760 3398 835 3454 iuter
853 3415 884 3454 se
902 3399 1068 3471 jungantur,
1089 3407 1121 3453 ut
1141 3399 1231 3454 sicubi
1254 3400 1378 3455 Ecclesia
1399 3399 1502 3467 luerit,

355 3486 459 3544 ibidem
488 3503 566 3560 aeque
597 3489 708 3561 agnosci
734 3488 782 3543 liei
814 3489 948 3560 Spiritum
977 3503 1091 3544 necesse
1121 3490 1175 3556 sit;
1198 3489 1320 3561 Spiritus
1347 3499 1440 3547 autem
1464 3500 1503 3547 cst

355 3581 457 3634 ceritas
479 3597 488 3633 .·
512 3579 636 3651 adeoque
658 3578 793 3651 quidquid
815 3579 895 3634 docet
920 3579 1062 3644 Ecclesia,
1084 3595 1181 3635 verum
1204 3590 1265 3647 est,
1289 3582 1417 3653 nihilque
1438 3581 1503 3639 salsi

356 3684 478 3741 uuquam
497 3669 650 3725 doctrinam
674 3669 735 3739 ejus
757 3667 859 3724 loedare
880 3668 991 3739 poterit.
1014 3667 1067 3735 Qui
1085 3685 1150 3726 vero
1170 3672 1204 3726 ab
1224 3672 1353 3728 Ecclesiae
1375 3673 1503 3730 doctriua

355 3758 473 3825 absunt,
491 3759 575 3816 iidem
593 3775 608 3814 a
628 3759 732 3831 Spiritu
753 3759 816 3826 liei,
834 3769 863 3815 et
881 3759 984 3815 idcireo
1001 3774 1016 3814 a
1034 3759 1165 3826 veritate,
1184 3761 1321 3818 dissident
1340 3780 1347 3818 :
1366 3764 1406 3819 uti
1426 3764 1502 3820 euim

356 3849 490 3921 quidquid
513 3849 629 3922 Spiritui
650 3850 699 3906 Dei
721 3851 884 3921 opponitur,
908 3849 935 3904 id
956 3849 1056 3905 falsum
1079 3860 1132 3917 est,
1160 3850 1198 3906 ita
1217 3854 1351 3925 quidquid
1370 3853 1504 3910 Ecclesiae

356 3938 533 4012 dogmatibus
546 3940 724 4006 adversatur,
739 3940 808 3996 illud
822 3941 851 3996 iu
865 3939 965 3996 erratis
978 3940 1112 3997 habeatur
1125 3950 1241 4014 oportet.

387 4085 438 4230 iii
448 4084 685 4218 ibgbailyaacnidirm
703 4177 792 4220 notare
807 4168 929 4221 videntur
944 4186 971 4221 ac
988 4170 1008 4222 si
1026 4169 1163 4224 haberetur
1176 4187 1183 4221 ι
1196 4173 1261 4223 uelut
1277 4172 1310 4222 od
1325 4171 1505 4221 animationem

356 4245 399 4311 (id
408 4247 478 4297 onim
490 4256 562 4300 sonat
573 4252 707 4312 inspiratio
716 4251 727 4314 )
739 4253 831 4317 opificii
841 4256 894 4303 liri.

390 4330 727 4394 (specularemur.
