3166 5168
546 1049 818 1132 PRAEFATIO.
855 1161 858 1177 ζ

143 1866 214 1938 Quid
233 1862 302 1922 mihi
321 1860 431 1922 consilii
450 1858 575 1918 fueritin
592 1859 645 1917 hoc
660 1858 794 1932 opusculo
812 1857 1011 1916 conscribendo
1032 1858 1129 1932 paucis
1148 1860 1251 1934 inipso

105 1987 201 2049 limine
221 1990 353 2064 aperiam.
378 1989 437 2046 lluo
461 1986 546 2063 igitur
568 1983 638 2041 mihi
659 1984 694 2041 oh
722 1985 816 2042 oculos
840 1985 1018 2057 potissimum
1036 1985 1114 2042 suere
1137 2004 1198 2059 quae
1220 1997 1252 2045 ut

105 2129 269 2187 assequerer
282 2121 414 2186 perpetuo
428 2109 571 2168 contendi.
588 2109 619 2164 ln
633 2107 731 2180 primis
747 2124 847 2182 nempe
866 2109 983 2181 probare
1001 2110 1076 2167 volui
1090 2112 1250 2168 methodum

104 2235 290 2294 institutionis
309 2246 391 2308 atquc
415 2231 589 2290 auctoritatis
611 2230 701 2303 qualis
726 2230 756 2286 in
776 2231 899 2288 Ecclesia
921 2232 1071 2301 catholica,
1093 2250 1155 2306 quoe
1177 2250 1252 2290 nunc

103 2367 158 2427 est,
181 2358 320 2427 cernitur,
340 2374 356 2414 a
379 2357 488 2414 Christo
507 2354 623 2412 Domino
644 2354 731 2411 luisse
749 2355 944 2424 constitutam,
965 2357 1146 2430 eamdemque
1168 2376 1252 2416 unam

101 2498 174 2540 verae
195 2483 324 2557 religioni
350 2497 413 2539 esse
432 2480 683 2548 accommodatam3
703 2478 872 2552 principium
894 2488 987 2536 autern
1009 2479 1199 2552 inquisitionis
1225 2492 1253 2539 et

102 2606 238 2662 examinis
263 2604 378 2677 privati,
399 2604 443 2660 cui
468 2613 608 2675 tamquam
637 2603 816 2660 fundamento
841 2604 971 2660 innititur
992 2605 1251 2676 protestantismus,

104 2744 168 2783 cum
190 2727 318 2782 instituto
338 2726 431 2781 divino
448 2740 571 2796 pugnare
589 2734 616 2780 et
634 2725 688 2796 ipsi
707 2725 850 2798 religionis
870 2725 956 2782 indoli
971 2741 1087 2796 prorsus
1099 2726 1250 2782 adversari.

105 2847 184 2902 Unde
203 2853 388 2916 consequatur
406 2844 478 2898 nihil
501 2859 599 2916 reapse
618 2845 740 2900 medium
758 2861 820 2902 esse
837 2847 910 2903 inter
923 2846 1144 2903 catholicismum
1161 2857 1189 2904 et
1207 2865 1252 2904 ra-

104 2967 311 3034 tionalismum,
330 2968 454 3039 adeoque
474 2974 548 3022 stare
564 2982 737 3038 nequaquam
753 2983 835 3039 posse
851 2969 1009 3026 christianae
1025 2971 1168 3045 religionis
1180 2971 1252 3028 divi·
1296 2965 1298 2969 '

104 3106 168 3146 nam
194 3090 315 3146 indolem
335 3090 402 3161 quin
423 3105 477 3146 una
498 3088 632 3147 consistat
650 3090 772 3147 Ecclesia
787 3091 931 3148 catholica.

140 3214 225 3270 Porro
245 3212 315 3270 illud
335 3213 419 3269 etiam
441 3212 511 3269 mihi
532 3213 561 3268 in
585 3213 701 3270 consilio
724 3213 775 3270 luit
797 3223 843 3282 ut,
863 3214 1002 3273 conlutato
1024 3217 1251 3288 protestantismo

103 3345 131 3394 at
148 3337 279 3394 Ecclesiae
297 3337 461 3394 auctoritate
481 3337 647 3406 constituta,
667 3336 721 3409 ipsi
744 3354 853 3410 quoquc
876 3338 998 3396 scientiae
1016 3339 1177 3414 theologicae
1199 3339 1251 3393 ali-

103 3459 170 3534 quid
195 3460 360 3518 incrementi
380 3461 465 3517 simul
488 3460 625 3517 afferrem.
652 3460 731 3529 Quod
757 3461 868 3533 quidem
896 3470 928 3516 ut
953 3476 1150 3533 consequerer,
1168 3476 1250 3532 quam

103 3585 224 3642 maxima
243 3585 319 3658 potui
345 3579 489 3660 diligentia
513 3601 611 3643 verum
635 3584 835 3643 christianismi
856 3585 1044 3660 organismum
1066 3603 1098 3642 ae
1114 3586 1250 3662 integram

105 3720 289 3777 structuram,
315 3720 397 3783 prout
421 3726 453 3766 ea
476 3710 505 3765 in
528 3709 652 3768 Ecclesia
677 3710 861 3783 conspicitur,
880 3711 1035 3776 declarare,
1059 3711 1197 3782 explicare
1218 3725 1251 3766 ac

105 3835 245 3892 illustrare
268 3833 377 3902 studui,
398 3849 452 3905 quo
469 3833 575 3905 posito,
597 3851 659 3906 quae
672 3835 784 3890 tandem
802 3848 867 3913 csse
886 3831 938 3888 hnc
956 3831 985 3886 in
1005 3839 1084 3903 parte
1102 3830 1250 3887 methodus

106 3955 253 4034 theologiae
276 3958 347 4014 hene
369 3956 504 4015 catholica
526 3968 554 4015 et
576 3958 775 4016 christianismi
799 3956 906 4032 legibus
928 3971 962 4013 er
984 3964 1042 4012 toto
1066 3964 1249 4012 consentanea

104 4081 176 4140 ultro
203 4083 382 4156 sequebatur.
401 4083 435 4140 Et
449 4099 515 4141 vcro
537 4099 597 4141 eam
621 4084 752 4157 peculiari
772 4083 1038 4154 ratione-exponere
1056 4096 1088 4137 ac
1112 4079 1248 4153 praelinire

102 4205 205 4262 curavi.
