3150 5160
384 351 422 411 {8
689 370 805 414 CHRISTI
826 370 979 414 ADVENTUS
1000 371 1038 414 AC
1060 371 1235 416 uuvnnhulo.

417 513 470 571 Sed
484 530 554 586 opus
569 515 750 587 apostolicum
764 518 891 574 cominus
909 516 1099 588 inspiciamus.
1117 516 1177 573 Non
1194 533 1290 574 omnes
1304 518 1415 590 quidem
1429 519 1519 577 homi-

380 621 430 662 ues
451 621 571 674 sacram,
589 622 672 678 quam
690 608 869 673 annuntiant,
890 606 1044 662 doctrinam
1059 607 1230 678 suscipiunt;
1248 618 1308 665 erat
1326 610 1400 665 euim
1415 610 1519 667 Judaeis

379 694 553 761 scandalum,
575 697 703 768 gentibus
723 705 816 752 autem
841 698 967 752 stultitia.
996 696 1050 764 Qui
1074 711 1139 753 uero
1166 697 1194 752 in
1220 695 1362 754 Christum
1387 701 1518 763 creduut,

380 785 408 839 in
425 784 618 856 Apostolorum
636 787 806 843 consortium
824 786 1017 842 adsciscuntur
1034 795 1061 842 et
1082 801 1135 841 ona
1154 787 1275 841 cumeis
1293 789 1518 845 communitatem

379 873 513 942 efficiunt,
536 877 616 947 cujus
636 877 759 932 membra
782 877 890 950 singula
914 876 987 931 inter
1010 890 1040 931 se
1062 875 1228 931 arctissimis
1250 876 1369 932 uinculis
1390 877 1518 948 ejusdem

378 965 440 1020 fidei
462 976 489 1021 et
507 966 650 1022 charitatis
672 966 835 1039 colligantur
854 982 861 1022 :
877 967 991 1020 «Erant
1012 972 1102 1021 entem
1122 973 1321 1036 perreverentes
1341 968 1373 1021 io
1392 970 1518 1024 doctrina

377 1055 580 1125 Apostolorum,
600 1063 624 1112 et
640 1058 881 1112 communicatione
900 1057 1044 1124 [rectionis
1060 1057 1157 1126 portia,
1175 1062 1199 1111 et
1216 1059 1387 1112 orationibus
1406 1056 1467 1132 ll).

411 1146 547 1202 Plurimos
557 1147 634 1203 brevi
648 1156 771 1218 tempore
782 1148 811 1202 in
821 1147 907 1202 uariis
920 1146 1078 1220 regionibus
1090 1147 1214 1218 Apostoli
1228 1148 1349 1205 condunt
1359 1151 1517 1208 istiusmodi

378 1237 602 1304 communitates,
620 1246 648 1293 et
667 1238 795 1294 ouantibus
816 1237 944 1293 fidelibus
961 1246 1092 1308 praesunt.
1113 1237 1224 1293 Summa
1243 1239 1415 1296 observantia
1428 1242 1517 1312 Apos-

378 1327 497 1382 tolorum
513 1326 601 1397 jussis
620 1327 753 1384 obediunt
774 1343 885 1392 omnes,
904 1327 1006 1398 quippe
1028 1327 1075 1398 qui
1096 1335 1226 1398 tanquam
1243 1328 1336 1384 diuina
1352 1331 1517 1386 auctoritate

379 1418 479 1472 muniti
501 1417 646 1473 habentur.

416 1506 445 1561 Si
462 1523 526 1564 vero
544 1508 683 1582 contingat
702 1506 849 1564 nonnullos
868 1507 992 1562 moribus
1008 1506 1167 1563 doctrinave
1183 1521 1198 1561 a
1214 1521 1298 1563 sacrae
1314 1507 1516 1579 praedicationis

377 1595 496 1652 decretis
516 1597 644 1653 aberrare
662 1606 744 1667 atque
765 1597 921 1653 istiusmodi
938 1598 1002 1653 vitae
1019 1596 1212 1653 consuetudini
1233 1597 1413 1667 pervicaciter
1427 1598 1516 1654 inhae-

377 1701 453 1751 rere,
473 1702 536 1743 mox
552 1703 600 1744 eos
619 1696 650 1742 ut
668 1688 778 1758 putrida
798 1688 921 1743 membra
937 1688 952 1743 a
974 1703 1089 1758 corpore
1106 1687 1211 1743 Christi
1234 1697 1360 1743 resecant
1373 1688 1514 1759 Apostoli,

377 1792 514 1833 memores
532 1777 614 1835 istius
632 1778 698 1834 dicti
717 1778 872 1834 Dominici:
893 1775 947 1842 Qut
965 1795 1012 1833 oce
1030 1781 1134 1848 apernit
1152 1794 1194 1832 me
1214 1780 1361 1848 spernit...
1386 1779 1420 1833 Et
1440 1795 1447 1834 :
1467 1781 1516 1849 qui

376 1867 522 1923 Ecclesiam
539 1886 595 1924 nore
611 1870 732 1924 audierit
749 1871 785 1924 eit
804 1869 854 1924 tibi
874 1869 944 1923 sieut
963 1870 1084 1923 ethnicae
1098 1874 1122 1923 et
1137 1869 1302 1938 publicanus
1321 1865 1381 1941 li).

414 1959 500 2034 lgitur
519 1959 660 2033 religionis
678 1959 747 2014 ratio
764 1975 796 2015 ac
811 1958 958 2014 methodus
975 1967 1056 2013 aetate
1073 1958 1119 2012 illa
1135 1958 1286 2029 apostolica
1305 1958 1363 2022 his,
1377 1956 1404 2012 ni
1421 1955 1514 2025 lallor,

376 2051 523 2106 momentis
539 2051 653 2106 omnino
671 2049 815 2106 constabat
829 2065 837 2104 ι
850 2048 959 2104 Fideles
971 2047 1062 2104 varias
1078 2047 1200 2103 efficiunt
1215 2047 1427 2104 communitates
1442 2048 1516 2104 inter

377 2157 408 2196 se
431 2157 517 2197 nexas
540 2157 572 2197 ac
594 2141 755 2213 colligatas,
773 2156 834 2210 que
851 2137 1044 2210 Apostolorum
1066 2139 1180 2209 imperio
1201 2138 1406 2208 subjiciuntur,
1426 2145 1454 2193 ct
1476 2139 1515 2193 ita

375 2230 487 2301 quidem
509 2239 538 2285 ut
556 2232 687 2288 doctrinae
705 2230 833 2302 primitus
852 2230 886 2284 ab
910 2228 979 2300 ipsis
997 2229 1104 2284 traditae
1122 2227 1264 2300 quidpiam
1285 2228 1386 2284 addere
1410 2237 1459 2284 aut
1480 2229 1515 2285 de

374 2322 422 2377 illa
443 2322 588 2379 detrahere
607 2322 683 2378 nelas
702 2323 848 2387 habeatur;
868 2319 915 2391 qui
932 2336 997 2376 vero
1016 2320 1043 2374 id
1063 2335 1145 2393 agere
1161 2319 1222 2374 ausi
1242 2319 1345 2375 luerint
1363 2336 1425 2376 mox
1448 2336 1516 2376 ana-

374 2412 496 2469 themate
518 2413 727 2484 percutiantur:
745 2409 819 2482 quod
837 2410 861 2466 si
881 2426 935 2480 qua
954 2410 1065 2465 tandem
1084 2417 1228 2465 moueatur
1246 2409 1385 2466 difficilior
1405 2420 1516 2469 contro-

373 2503 476 2569 versia,
489 2502 636 2559 concilium
649 2504 756 2575 cogitur
764 2501 972 2572 Apostolorum,
987 2515 1041 2569 qno
1054 2500 1170 2571 questio
1187 2515 1219 2556 ea
1233 2517 1287 2572 qua
1302 2502 1406 2572 pollent
1419 2502 1515 2560 divina

373 2595 537 2649 auctoritate
549 2593 696 2650 definiatur
711 2601 739 2648 ct
752 2592 862 2664 penitus
874 2591 1049 2646 decernatur.
1064 2591 1120 2646 lmo
1133 2591 1162 2644 in
1183 2591 1313 2646 uniuerso
1328 2602 1386 2646 tum
1402 2592 1514 2647 Domini

373 2691 433 2739 tum
446 2682 640 2755 Apostolorum
652 2683 716 2738 vitae
729 2682 870 2748 instituto,
882 2681 1014 2752 peculiari
1028 2682 1206 2753 praecaeteris
1219 2682 1383 2737 auctoritate
1394 2683 1515 2738 donatus

373 2774 473 2831 Petrus
494 2775 650 2830 exhibetur.
672 2773 713 2829 En
736 2787 800 2844 ergo
820 2771 906 2828 lorma
928 2786 1010 2842 quam
1033 2779 1100 2826 tunc
1124 2771 1257 2842 temporis
1280 2770 1514 2828 christianismus

372 2863 512 2932 induerat,
526 2879 663 2936 quamque
679 2862 731 2935 ipsi
750 2862 811 2932 ejus
829 2861 954 2918 conditor
971 2860 1117 2916 indiderat.
1138 2860 1208 2928 Quis
1227 2870 1320 2917 autem
1338 2862 1439 2917 dixerit
1455 2861 1516 2920 lore

374 2960 405 3006 ut
426 2953 485 3023 ipse
501 2953 596 3008 eadem
618 2953 665 3007 illa
684 2951 770 3008 lorma
792 2951 938 3023 aliquando
957 2961 1075 3006 exuatur
1097 2964 1128 3006 ut
1151 2953 1305 3023 oppositam
1332 2968 1447 3023 prorsus
1471 2953 1516 3008 in-

373 3041 461 3098 duat?
480 3044 507 3098 ld
523 3052 648 3098 asserant
665 3042 858 3108 rationalistoe‚
872 3043 985 3097 minime
1003 3056 1069 3096 vero
1090 3041 1261 3098 christianus
1279 3043 1391 3114 aliquis.

404 3132 528 3205 Apostoli
545 3148 657 3204 nempe,
671 3132 800 3202 quoniam
815 3131 1020 3202 inperpetuum
1039 3147 1218 3203 permansura
1231 3133 1269 3188 sit
1282 3132 1385 3189 Christi
1402 3134 1514 3207 religio,

374 3222 403 3277 in
420 3223 504 3280 variis
521 3239 589 3294 quas
608 3222 787 3296 peragrabant
805 3221 963 3294 regionibus
975 3222 1050 3277 utros
1068 3222 1200 3291 quosdam
1215 3223 1318 3279 clectos
1336 3239 1369 3279 ac
1382 3224 1514 3296 probatos

374 3312 557 3369 instituebant
569 3313 616 3383 qui
629 3322 688 3368 tum
705 3313 733 3366 in
749 3311 885 3375 docendo,
901 3320 959 3367 tum
979 3312 1007 3366 in
1022 3312 1130 3367 divinas
1142 3313 1244 3386 gratias
1258 3313 1455 3385 impertiendo,
1467 3319 1514 3371 sut

374 3402 500 3474 ipsorum
514 3403 589 3458 vices
607 3412 750 3477 gererent,
763 3403 865 3473 quique
878 3411 905 3456 et
923 3401 991 3457 alios
1011 3402 1106 3457 itidem
1127 3404 1184 3474 pari
1199 3405 1362 3461 auctoritate
1381 3407 1513 3477 prmditos

374 3493 543 3548 constituere
561 3503 692 3566 possent,
713 3501 794 3565 prout
815 3494 966 3564 postularet
984 3493 1144 3548 necessitas.
1160 3493 1226 3562 Quae
1247 3495 1293 3550 bic
1315 3495 1399 3552 effero
1421 3498 1513 3552 mani-

375 3582 443 3638 lesta
461 3593 526 3639 sunt
551 3592 608 3639 tum
629 3599 663 3639 ex
683 3584 806 3654 ipsorum
827 3582 1021 3653 Apostolorum
1044 3583 1168 3653 epistolis
1186 3592 1214 3640 et
1235 3583 1366 3652 historia,
1385 3595 1460 3653 tum,
1481 3597 1513 3644 ut

375 3689 437 3730 mox
451 3674 620 3739 uidebimus,
634 3690 667 3728 ex
680 3674 715 3729 iis
728 3689 789 3743 quae
806 3672 877 3744 apud
897 3689 992 3728 eorum
1005 3673 1157 3744 discipulos
1170 3675 1412 3745 deprehendimus,

410 3762 438 3817 Si
460 3764 523 3834 quis
548 3780 629 3835 porro
655 3765 787 3819 hacteuus
813 3773 938 3819 enarrata
963 3764 1059 3820 sedulo
1086 3765 1278 3836 perpenderit,
1305 3765 1400 3837 procul
1424 3765 1511 3823 dubio

375 3852 449 3908 dicat
474 3869 588 3909 neccsse
612 3864 669 3918 cst,
693 3863 720 3909 et
742 3854 811 3909 citra
831 3853 987 3925 Scripturas
1010 3855 1166 3910 institutam
1187 3855 1274 3911 luisse
1292 3857 1461 3922 Ecclesiam,
1481 3868 1511 3914 ct

375 3944 435 3999 siue
461 3944 516 4000 illis
546 3959 706 4016 permanere
733 3944 872 4016 potuisse,
899 3945 954 4000 imo
979 3944 1139 4016 aliquandiu
1165 3960 1262 4017 reapse
1289 3945 1456 4018 perstitisse,
1481 3955 1510 4002 ct

418 4106 430 4154 l
467 4110 520 4156 Aet.
538 4105 574 4163 11,
592 4109 634 4155 tn.

407 4103 452 4252 &l
469 4187 511 4237 Sic
522 4187 617 4238 Paulus
633 4187 762 4239 lTimoth.
783 4189 805 4247 l,
821 4192 862 4249 20,
880 4187 911 4238 de
925 4187 1051 4239 haereticis
1062 4188 1098 4240 ait
1115 4203 1121 4237 :
1137 4206 1167 4240 ec
1182 4193 1271 4254 quibua
1286 4199 1320 4243 eet
1333 4195 1478 4257 ltpmeocns
1488 4198 1511 4242 ct

376 4271 536 4320 Alexander:
551 4287 611 4334 qum
626 4273 721 4321 tradidi
735 4273 846 4330 Solense,
861 4279 887 4322 ot
904 4273 1000 4320 discent
1015 4287 1064 4322 uon
1079 4271 1255 4336 blasphemare.
