3150 5160
209 356 272 417 aba
500 366 538 409 nn
559 363 742 410 rnnnrrtoun
763 366 799 408 nr
819 364 1060 410 rmnmronrnns.

209 518 339 574 miscent.
357 514 392 571 Et
412 528 478 570 vero
499 512 629 578 traditio,
649 526 704 583 quo
722 526 808 566 seusu
826 526 888 566 eam
906 511 1101 579 delinivimus,
1117 514 1275 569 necessaria
1294 524 1349 581 est,

210 609 362 678 eademque
375 621 431 661 nou
444 619 525 660 secus
539 618 571 658 ac
589 601 732 669 Ecclesia,
750 602 795 657 oui
809 601 941 669 inhaeret,
959 602 1117 659 necessario
1137 610 1227 667 esset,
1244 603 1351 660 etiamsi

210 708 269 757 tota
288 697 392 755 Christi
412 693 543 750 revelatio
566 692 669 762 scripta
694 691 782 758 loret;
803 691 850 747 illa
876 692 951 747 enim
968 693 1113 749 deficiente
1129 691 1279 763 Scripturae
1302 710 1352 749 nec

209 789 398 846 consisterent
420 800 472 840 nec
496 781 614 853 intelligi
638 789 767 852 possent,
792 790 819 837 et
845 797 928 853 porro
952 783 1177 839 christianismus
1205 783 1351 839 universus

210 877 431 936 labefactaretur.
454 873 557 928 Verum
579 870 650 926 illud
669 871 697 925 in
718 870 881 927 traditiones
904 871 1022 928 minime
1041 873 1177 944 quadrare
1193 873 1222 928 in
1240 888 1350 945 promp-

210 978 242 1025 tu
259 975 310 1024 est.

245 1056 371 1127 Denique
388 1051 620 1124 quemadmodum
638 1059 719 1106 antea
735 1052 952 1108 monstravimus
979 1052 1138 1123 Scripturas
1157 1053 1192 1108 ab
1204 1053 1349 1119 Ecclesia,

203 1163 272 1220 ¹quae
286 1144 463 1201 traditionem
477 1142 568 1198 vivam
586 1150 614 1197 et
626 1142 810 1215 organizatam
834 1143 960 1208 exhibet,
974 1143 1084 1216 sejungi
1101 1143 1179 1198 nullo
1193 1152 1272 1215 pacto
1291 1159 1351 1215 pos·

210 1253 254 1305 se,
273 1238 310 1293 ita
332 1251 384 1292 nec
400 1233 564 1291 traditiones
582 1234 616 1288 ab
637 1232 735 1288 eadem
759 1233 916 1290 distrahere
937 1235 993 1289 ulla
1011 1234 1119 1290 ratione
1138 1234 1211 1290 lieet.
1231 1233 1351 1290 lnChri-

209 1329 247 1384 sti
273 1327 382 1382 bomini
406 1326 534 1380 instituto
560 1323 653 1379 omnia
683 1323 755 1379 belle
782 1323 923 1380 cohaerent
947 1334 1031 1395 atque
1059 1325 1216 1382 arctissimo
1241 1326 1350 1383 vinculo

211 1418 397 1491 colligantur:
413 1415 437 1470 si
450 1413 616 1480 Ecclesiam,
633 1428 695 1484 quae
710 1412 884 1469 fundamenti
897 1414 957 1470 loco
974 1424 1032 1483 est,
1047 1416 1209 1483 sustuleris,
1225 1417 1350 1473 universa

211 1507 296 1564 simul
321 1513 452 1563 corruant
474 1513 591 1576 oportet.
615 1504 676 1560 Non
705 1520 775 1575 opus
800 1513 842 1560 est
870 1504 916 1560 hic
947 1505 1026 1578 longa
1053 1506 1177 1561 oratione
1201 1507 1350 1577 approbare

211 1597 446 1654 necessitudinem
470 1595 547 1650 illam
567 1610 628 1665 quae
650 1594 848 1650 traditionibus
874 1603 1003 1650 osteum
1026 1595 1162 1663 Ecclesia;
1191 1613 1253 1668 qnae
1277 1598 1350 1654 eninr

211 1688 341 1759 superius
360 1686 395 1742 de
413 1684 564 1756 scripturis
588 1683 775 1740 disseruimus
794 1683 868 1740 lacili
893 1685 1004 1759 negotio
1029 1686 1225 1742 traditionibus
1246 1703 1350 1743 accom-

212 1778 319 1835 modari
336 1784 476 1850 poterunt.
493 1775 555 1830 Nisi
570 1782 644 1830 esset
663 1775 801 1839 Ecclesia,
817 1789 907 1846 neque
926 1776 1011 1831 etiam
1027 1775 1117 1832 forent
1134 1779 1299 1834 traditiones
1311 1779 1351 1834 di-

211 1870 296 1935 rinae;
315 1878 343 1924 et
362 1868 417 1923 nisi
436 1866 547 1922 adesset
569 1866 747 1921 ecclesiastico
770 1866 970 1935 intelligentie,
992 1882 1076 1938 quam
1101 1867 1169 1923 dicit
1191 1869 1351 1925 Vincentius

214 1959 392 2025 Lerinensis,
415 1956 471 2013 nisi
488 1957 598 2012 adesset
620 1971 720 2012 sensus
743 1955 791 2010 ille
812 1955 984 2012 christianus
1006 1957 1054 2028 qui
1076 1956 1112 2012 ab
1129 1956 1254 2013 Ecclesia
1271 1957 1351 2014 effici·

212 2059 274 2118 tur,
297 2064 382 2106 sacrae
406 2046 569 2104 traditiones
592 2061 646 2102 uon
666 2045 897 2117 intelligerentur.
916 2046 1006 2118 Atque
1029 2046 1095 2102 hine
1117 2046 1203 2118 probe
1223 2062 1352 2118 assequor

211 2157 263 2196 cur
284 2141 386 2212 saepius
399 2144 585 2209 protestantes
606 2136 821 2192 rationalistaeve
839 2137 960 2210 theologi
982 2137 1053 2192 nihil
1073 2136 1130 2192 lere
1145 2137 1258 2193 rideant
1271 2137 1300 2192 in
1318 2137 1352 2193 iis

210 2246 282 2302 quas
302 2228 430 2285 catholici
452 2236 606 2300 agnoscunt
624 2226 838 2294 traditionibus;
863 2227 943 2284 deest
963 2243 1063 2299 nempe
1084 2227 1155 2298 ipsis
1170 2227 1350 2301 intelligentia

211 2320 409 2377 ecclesiastica.
423 2316 563 2388 Asseqnor
574 2317 657 2372 etiam
677 2332 728 2372 cur
740 2325 842 2389 negent
853 2317 1005 2374 adversarii
1024 2317 1188 2374 traditiones
1201 2318 1265 2375 illas
1282 2318 1351 2374 inte-

209 2425 274 2485 gras
290 2427 322 2467 ae
339 2409 460 2466 illibatas
480 2407 585 2464 servari
602 2407 744 2479 potuisse;
759 2407 868 2462 sublata
886 2409 960 2463 enim
978 2409 1072 2465 divina
1088 2409 1221 2466 Ecclesiae
1235 2409 1352 2466 auctori-

210 2509 283 2568 tate,
306 2501 370 2573 quis
383 2500 476 2556 dicere
489 2514 575 2555 ausus
594 2497 677 2554 luerit
692 2497 763 2554 nihil
777 2511 892 2568 prorsus
912 2498 975 2554 vitii
991 2498 1155 2556 traditiones
1174 2514 1236 2567 eas,
1249 2500 1275 2556 si
1294 2514 1352 2571 quae

211 2591 284 2659 sint,
308 2587 458 2649 infecisse?

565 3087 636 3126 l'llll'l'
649 3087 672 3126 S·
686 3087 818 3128 rhoutrhs
831 3087 1003 3129 theotonici.

562 3213 587 3250 lt.
602 3210 676 3263 uttS,
691 3211 714 3251 S.
729 3212 786 3253 Fac.
800 3213 824 3251 Ρ.
840 3213 865 3251 Τ.
878 3213 1004 3254 DEGANUS.

488 3336 516 3374 lt.
531 3334 703 3387 venduntur,
718 3336 741 3376 S.
757 3337 815 3377 EAG·
830 3337 854 3376 Ρ.
869 3337 895 3375 Τ.
910 3337 926 3376 h
939 3336 1075 3379 sucnt'tls.

574 3459 645 3499 vloI'r
658 3460 761 3500 RECTOE
774 3459 981 3499 uulvnusmrts.

669 3586 694 3624 P.
708 3587 732 3624 F.
748 3586 774 3623 x.
790 3585 823 3624 DE
836 3584 897 3623 batt.
