3150 5160
220 325 280 384 l'l8
544 342 669 386 carnot.
693 341 824 386 unraonr
847 341 1045 387 onoaursrrus.

218 502 273 558 quo
292 495 321 543 et
339 503 408 559 pura
426 496 454 542 et
470 487 577 562 integra
595 498 752 544 servaretur
770 496 853 560 atque
866 488 935 543 citra
955 489 1043 543 ullum
1062 487 1214 545 admixtum
1237 504 1357 546 errorem

217 594 281 634 cum
304 579 464 636 homiuibus
481 579 747 645 communicaretur;
769 579 825 635 nisi
847 579 916 635 illud
932 579 1122 651 praestitisset,
1145 595 1215 644 non,
1239 587 1271 635 ut
1295 589 1358 638 ante

216 669 354 734 vidimus,
375 685 425 741 pro
442 685 473 725 ea
494 685 547 740 qua
568 669 689 741 pollebat
708 669 801 725 divina
820 669 956 741 sapientia
977 669 1067 742 egisse
1079 669 1230 724 videretur.
1244 668 1323 737 Quod
1335 671 1357 727 si

217 760 283 829 hoo,
303 770 402 831 sponte
419 759 599 831 consequitur
622 775 683 814 eam
705 775 768 816 csse
789 760 919 816 debuisse
939 759 1021 815 istius
1042 759 1163 815 instituti
1182 768 1309 815 naturam
1327 776 1357 817 ac

216 851 289 917 vim,
313 860 344 906 ut
371 852 448 906 nullo
467 850 602 922 temporis
630 858 769 906 momento
801 866 818 905 a
843 866 973 924 germano
1000 849 1176 906 revelationis
1201 849 1358 907 christianas

217 957 301 998 sensu
319 941 464 1008 deficeret;
478 941 582 1012 alioqui
601 956 656 997 non
677 940 798 1012 amplius
815 955 883 1010 pura
902 948 930 995 et
949 939 1056 1014 integra
1071 940 1236 996 consisteret
1248 939 1356 1012 religio,

216 1034 266 1089 sed
280 1033 356 1089 illius
366 1032 476 1089 decreta
489 1031 640 1087 adulterari
653 1040 735 1101 atque
749 1030 786 1085 ita
797 1030 924 1086 decidere
937 1039 1062 1102 possent;
1076 1047 1130 1101 quo
1144 1031 1246 1101 posito,
1261 1030 1356 1087 codem

216 1137 289 1194 pene
302 1139 347 1178 res
362 1123 495 1179 recideret
507 1137 539 1177 ac
553 1122 576 1177 si
596 1121 702 1176 nullam
720 1120 912 1176 auctoritatem
929 1119 1057 1176 Christus
1074 1120 1255 1188 instituisset;
1275 1135 1357 1192 quor·

218 1227 281 1268 sum
309 1212 383 1267 enim
414 1211 564 1268 auctoritas
589 1227 650 1283 quae
676 1210 760 1266 sunem
784 1211 838 1266 sibi
870 1212 1056 1283 praestitutum
1086 1211 1197 1282 assequi
1223 1209 1356 1282 nequeat?

215 1303 309 1373 ltaque
326 1302 350 1358 si
373 1302 461 1358 errori
477 1302 593 1359 obnoxia
610 1300 680 1357 loret
698 1301 837 1368 Ecclesia,
857 1299 986 1358 Christus
1006 1317 1061 1358 non
1083 1301 1150 1358 satis
1169 1301 1355 1358 consuluisset

215 1408 274 1448 suae
286 1391 456 1449 revelationi.

251 1483 336 1539 Porro
352 1499 407 1554 quo
426 1482 527 1539 molius
546 1484 629 1555 hujus
648 1482 804 1556 argumenti
824 1482 867 1539 vis
884 1482 1068 1556 intelligatur,
1089 1482 1175 1553 probe
1192 1482 1277 1538 etiam
1297 1483 1354 1538 aui-

217 1569 444 1628 madvertendum
455 1573 574 1629 maxime
585 1573 723 1644 disparem
740 1587 803 1628 esse
816 1571 947 1627 Ecclesiae
959 1580 986 1626 et
1002 1587 1144 1645 synagogae
1158 1572 1353 1639 conditionem,

215 1675 268 1716 neo
286 1661 327 1718 las
345 1677 406 1718 esse
425 1679 459 1719 ex
478 1664 529 1719 hac
547 1663 582 1720 ad
601 1663 677 1718 illam
694 1663 842 1734 quidquam
862 1661 974 1717 inferre.
990 1662 1059 1718 Nam
1076 1671 1175 1734 praeter
1190 1679 1352 1738 synagogam

216 1751 373 1822 providerat
386 1754 460 1809 Deus
475 1762 506 1809 ut
523 1752 661 1810 interdum
678 1754 820 1825 prophetae
836 1751 1012 1807 mitterentur
1024 1752 1072 1822 qui
1087 1751 1180 1808 divina
1193 1754 1354 1810 auctoritate

215 1842 324 1914 praediti
338 1843 468 1900 Messinm
485 1843 683 1901 annuntiantes
699 1843 837 1915 praecipua
849 1857 960 1913 quoque
976 1841 1119 1916 religionis
1134 1843 1223 1915 capita
1240 1844 1353 1915 judaicae

214 1932 306 2005 gentis
319 1933 410 1991 animo
425 1932 511 2008 magis
525 1934 711 2001 incolomem,
726 1948 786 1989 eam
802 1934 838 1989 ab
851 1931 1005 2001 erroribus,
1021 1933 1046 1988 si
1061 1933 1109 2004 qui
1122 1934 1211 1990 obortl
1224 1933 1352 2002 luissent,

215 2034 376 2081 revocarent
397 2034 479 2096 atque
502 2026 540 2080 ita
562 2025 654 2082 divina
677 2025 805 2082 mandata
831 2024 982 2080 firmarent.
1005 2024 1072 2081 Post
1094 2022 1238 2080 Christum
1263 2033 1351 2080 autem

216 2111 287 2166 nihil
314 2113 451 2184 ejusmodi
480 2113 671 2186 conspicitur;
700 2129 785 2185 penes
813 2114 899 2170 solam
927 2112 1079 2168 Ecclesiam
1101 2121 1145 2169 est
1166 2128 1270 2169 munus
1291 2113 1351 2168 reli·

213 2200 324 2273 gionem
347 2203 520 2259 custodiendi
539 2219 655 2276 eamque
676 2203 792 2277 populos
813 2203 956 2261 edocendi.
979 2203 1110 2272 Quamvis
1131 2218 1196 2278 ergo
1218 2219 1350 2278 synagoga

212 2291 272 2362 ipsa
295 2291 450 2348 infallibilis
472 2309 527 2351 non
552 2294 714 2362 haberetur,
740 2310 795 2351 non
820 2294 975 2352 defuissent
999 2303 1091 2349 minen
1117 2293 1208 2349 media
1234 2295 1350 2366 quibus,

211 2379 375 2452 disponente
394 2384 462 2450 Deo,
478 2385 583 2458 integra
599 2393 756 2441 servaretur
771 2386 881 2459 religio;
897 2385 979 2442 hodie
997 2401 1062 2442 vero
1080 2385 1154 2458 apud
1170 2386 1349 2454 christianos,

211 2480 326 2528 nutante
347 2473 481 2539 Ecclesia,
506 2475 582 2530 nulla
603 2475 657 2531 alia
680 2484 841 2547 suppeteret
862 2474 916 2531 via.
939 2472 1074 2541 Quocirca
1096 2474 1210 2531 omnino
1232 2476 1350 2546 postulat

210 2577 279 2632 pura
295 2578 329 2619 ac
346 2563 453 2639 integra
470 2566 670 2623 christianismi
688 2566 860 2624 conservatio
877 2575 907 2621 ut
926 2564 1050 2622 Ecclesia
1070 2565 1107 2620 slt
1125 2563 1291 2622 inlallihilis.

247 2653 295 2709 Est
308 2662 335 2709 et
352 2655 405 2709 alia
418 2671 501 2711 causa
514 2674 575 2728 quae
587 2657 662 2713 illam
676 2657 806 2714 Ecclesiae
819 2656 911 2713 dotem
924 2655 1058 2727 peculiari
1074 2655 1155 2711 modo
1169 2657 1349 2713 commendet.

210 2740 314 2799 Christi
333 2746 465 2803 revelatio
482 2749 607 2804 omnium
628 2750 827 2805 revelationum
851 2748 959 2821 cyclum
978 2747 1081 2803 claudit
1101 2763 1211 2818 unaque
1229 2749 1350 2804 omnium

210 2832 409 2903 perfectissima
432 2846 488 2905 est;
508 2846 536 2894 at
558 2838 582 2894 si
605 2838 735 2895 omnihus
757 2838 816 2895 suis
838 2838 964 2910 partibus
984 2845 1011 2893 et
1033 2837 1158 2893 numeris
1180 2839 1289 2910 expleta
1311 2847 1351 2894 est

211 2924 355 2992 revelatio,
370 2943 420 2982 cur
436 2944 491 2985 non
509 2929 575 2986 item
589 2945 621 2985 ex
638 2938 696 2986 toto
713 2929 868 2985 absolutam
884 2927 1000 2984 sormam
1018 2927 1145 2983 indueret
1162 2927 1271 3001 sibique
1287 2944 1350 2984 auc-

211 3013 353 3071 toritatem
369 3018 445 3073 omni
459 3034 491 3074 ex
505 3029 582 3091 parte
600 3019 750 3092 perlectam
764 3015 919 3074 sufficeret?
930 3016 1054 3073 Ecclesia
1070 3016 1165 3090 igitur,
1177 3017 1233 3074 uisi
1251 3017 1351 3074 inlalli-

211 3101 277 3158 bilis
290 3112 377 3173 esset,
395 3106 553 3166 christianae
571 3111 714 3184 religionis
734 3108 896 3183 perfectioni
916 3123 971 3164 non
990 3108 1181 3179 responderet.

248 3193 316 3249 Aliae
333 3211 415 3266 porro
434 3199 555 3257 rationes
572 3201 661 3257 eidem
681 3199 801 3274 dogmati
819 3198 1007 3256 confirmando
1027 3199 1146 3254 maxime
1164 3197 1272 3255 idoneae
1289 3199 1350 3255 duci

212 3292 329 3352 possunt
343 3299 376 3340 ox
390 3285 450 3356 ipsa
464 3286 567 3345 Christi
582 3288 780 3346 incarnatione.
794 3289 888 3361 Neque
902 3289 977 3346 euim
994 3289 1154 3344 incarnatur
1169 3288 1219 3343 bei
1232 3289 1351 3345 Verbum

212 3382 243 3430 ut
261 3384 372 3446 peraeto
391 3380 516 3437 mortalis
528 3381 593 3436 vitae
610 3381 749 3439 curriculo
765 3397 829 3437 mox
845 3380 925 3438 abeat
943 3394 1068 3451 opusque
1086 3379 1240 3450 relinquat;
1256 3395 1351 3436 verum

212 3463 291 3522 decet
304 3476 335 3523 nt
351 3467 492 3542 inceptum
509 3472 590 3545 plane
607 3472 730 3545 perficiat
748 3473 895 3546 ipsumque
907 3471 981 3527 inter
997 3470 1125 3526 homines
1141 3469 1170 3524 in
1188 3478 1352 3542 perpetuum

211 3555 316 3611 versari
336 3567 443 3631 pergat3
464 3561 537 3631 quod
556 3571 669 3631 praestat
690 3562 816 3633 quidem,
838 3570 869 3617 ut
890 3577 973 3633 supra
992 3559 1132 3632 copiosius
1153 3560 1351 3626 disseruimus,

212 3642 373 3702 institutum
394 3649 538 3709 condendo
561 3654 634 3723 quod
657 3652 746 3724 ipsius
768 3668 900 3725 organum
924 3651 970 3708 liat
992 3650 1120 3723 quodque
1142 3650 1245 3706 idcirco
1264 3651 1351 3722 ipsius

212 3731 417 3796 infallibilitatis
443 3742 583 3813 particeps
608 3741 751 3797 efficiatur.
779 3742 843 3798 llaec
867 3751 959 3798 autem
983 3740 1167 3812 exsuperius
1192 3739 1352 3797 constitutis

212 3820 292 3880 lacile
309 3836 352 3882 est
367 3830 511 3905 colligere,
529 3831 652 3903 adeoque
669 3832 697 3887 in
718 3833 752 3888 iis
770 3832 943 3891 illustrandis
956 3848 1011 3889 non
1030 3847 1099 3904 opus
1118 3840 1161 3887 est
1176 3830 1283 3888 diutius
1299 3832 1352 3887 im·

213 3915 324 3970 morari

251 4000 304 4058 Sed
328 4018 358 4059 ea
377 4006 411 4063 de
427 4009 483 4067 illis
504 4011 653 4085 praecipuis
676 4011 806 4070 Ecclesiae
828 4016 941 4072 dotibus
962 4011 1088 4085 attigisse
1106 4011 1174 4068 satis
1197 4012 1244 4067 sit.
1264 4012 1351 4069 Antea

212 4099 306 4150 tamen
324 4111 406 4167 quam
425 4100 529 4158 adalia
551 4103 773 4178 progrediamur,
793 4121 883 4177 operae
905 4104 1019 4159 lorsitan
1038 4102 1158 4174 pretium
1171 4101 1255 4158 luerit
1267 4118 1352 4176 pauca

212 4180 333 4254 adjicere
349 4188 422 4244 eirca
438 4201 557 4261 quatuor
571 4208 640 4265 quas
656 4203 756 4250 vocant
770 4194 902 4251 Ecclesiae
920 4200 1008 4248 notas.

258 4275 336 4333 Notae
360 4277 415 4338 illae
438 4289 504 4340 suut
527 4297 596 4354 quas
621 4284 758 4357 expressit
782 4284 936 4343 Concilium
962 4280 1297 4355 Constantinopolitanum
1323 4281 1351 4338 in
