3150 5160
244 377 283 418 nn
304 375 443 419 menesii
465 375 598 420 roruuos
621 375 812 419 insonueris
834 376 871 418 ac
892 374 1037 420 rucuma.
1134 364 1197 423 ‘tao

604 521 662 592 §¹-

279 743 312 782 nu
332 741 458 782 ecclesia
479 741 592 782 POPULOS
613 742 779 783 turonorum:
798 741 829 780 lc
849 742 978 782 RECENTE.

61 918 63 925 ⁴
96 931 154 988 Non
178 947 263 987 unam
281 933 431 989 alteramve
451 932 574 989 hominis
593 931 664 1004 lapsi
689 939 797 1003 partem
810 939 858 986 aut
871 929 1030 988 facultatem
1048 934 1198 991 restiturus

60 1023 168 1080 advenit
180 1024 228 1095 qui
251 1023 343 1095 ipsum
356 1023 385 1078 in
404 1021 525 1095 perlecta
541 1022 701 1095 integritate
719 1020 798 1093 prius
811 1020 971 1077 condiderat
993 1023 1088 1078 aeterni
1108 1024 1198 1080 Patris

60 1112 161 1181 Filius,
193 1113 242 1170 sed
262 1122 349 1169 totum
375 1113 516 1170 hominem
547 1121 695 1167 sanaturus
726 1119 810 1182 atque
835 1111 1040 1167 instauraturus
1061 1112 1089 1167 in
1115 1115 1199 1172 terris

60 1206 195 1277 apparuit.
221 1203 356 1272 Quocirca
376 1213 407 1260 ut
420 1203 558 1276 integrum
576 1210 686 1258 curaret
707 1201 846 1267 animum,
870 1217 924 1272 quo
939 1201 1051 1273 quidem
1070 1195 1201 1260 renovato

61 1309 159 1366 corpus
177 1295 260 1350 etiam
281 1310 380 1351 novam
401 1294 430 1348 in
450 1291 655 1348 resurrectione
678 1290 805 1346 indueret
827 1290 956 1358 formam,
980 1308 1035 1348 non
1054 1294 1198 1351 veritatem

61 1385 152 1449 modo,
172 1385 219 1439 scd
237 1392 265 1439 et
281 1384 398 1458 gratiam
421 1382 527 1447 attulit,
557 1382 660 1452 quibus
683 1381 855 1437 intellectum
873 1383 956 1438 simul
981 1393 1009 1439 ct
1028 1385 1198 1441 voluntatem

60 1474 200 1531 reliceret:
220 1476 320 1545 plenus
335 1474 455 1546 denique
473 1472 590 1528 accessit
603 1471 698 1543 gratiae
717 1481 744 1527 et
756 1471 892 1528 veritatis.
908 1472 974 1540 Qum
987 1473 1073 1546 igitur
1094 1473 1198 1532 Christi

59 1564 132 1621 vices
151 1567 262 1637 supplet
279 1565 417 1632 Ecclesia,
432 1564 576 1620 veritatem
597 1563 702 1634 pariter
720 1571 748 1618 et
760 1562 875 1635 gratiam
894 1561 1053 1619 hominibus
1069 1565 1200 1638 largiatur

60 1672 171 1712 necesse
190 1666 248 1723 est,
270 1672 305 1712 ne
325 1670 421 1710 manca
438 1669 470 1708 ac
485 1651 583 1708 mutila
604 1651 738 1708 efficiatur
761 1652 815 1724 ipsi
836 1653 991 1708 concredita
1012 1654 1108 1728 religio
1123 1672 1130 1709 ε
1144 1657 1199 1712 duo

59 1745 116 1802 baec
134 1763 270 1819 nusquam
292 1746 490 1817 sejunguntur,
512 1741 562 1798 sed
587 1758 664 1814 aeque
682 1743 716 1797 ab
738 1742 859 1798 Ecclesia
879 1752 1052 1814 praestantur.

94 1837 186 1906 Quum
205 1854 269 1912 ergo
286 1835 376 1890 inians
391 1834 420 1889 in
440 1834 532 1889 lucem
552 1831 644 1888 editus
664 1841 722 1898 est,
742 1832 786 1887 vel
806 1833 830 1888 si
850 1833 940 1888 aetatis
957 1833 1068 1904 quidem
1086 1850 1199 1906 provec-

59 1928 135 1985 tioris
156 1929 239 1984 homo
264 1926 380 1992 existat,
399 1934 428 1980 at
446 1923 548 1979 divinae
569 1922 673 1980 Christi
699 1923 843 1996 religionis
866 1923 1037 1996 ignoratione
1054 1923 1197 1989 laborans,

57 2035 120 2075 mox
137 2020 211 2074 hunc
229 2018 343 2072 illumve
361 2015 482 2088 benigne
503 2013 606 2085 excipit
628 2014 673 2087 pia
697 2023 789 2069 mater
811 2015 950 2081 Ecclesia,
970 2015 1151 2086 providetque
1170 2025 1201 2070 ut

57 2125 156 2179 purum
175 2108 334 2164 christianae
353 2106 486 2162 doctrinae
505 2106 549 2160 lac
575 2104 628 2177 ipsi
650 2107 822 2177 propinetur.
842 2106 941 2160 Mentis
955 2105 1083 2161 humanae
1102 2105 1146 2162 lex
1168 2121 1200 2162 ea

57 2208 111 2264 est,
131 2198 203 2270 quod
218 2213 301 2269 supra
314 2196 449 2261 vidimus,
465 2206 495 2251 ut
509 2196 591 2251 homo
611 2195 757 2251 edoceatur
772 2211 823 2252 nec
836 2195 891 2250 nisi
911 2196 973 2251 aliis
989 2195 1201 2252 instituentibus

57 2288 145 2343 evolvi
165 2299 261 2360 queat;
277 2297 360 2359 atque
377 2287 476 2357 primis
495 2285 608 2341 infantis
622 2287 798 2342 incunabulis
815 2286 940 2358 invigilat
956 2287 1094 2354 Ecclesia,
1111 2297 1202 2344 curat-

57 2394 111 2449 que
127 2388 157 2434 ut
173 2380 191 2433 ii
213 2379 259 2450 qui
276 2379 332 2450 jam
350 2376 475 2432 veritatis
491 2375 588 2432 notitia
604 2375 748 2442 fruuntur,
767 2386 796 2432 et
813 2377 914 2448 quibus
930 2377 1068 2448 peculiare
1085 2379 1201 2435 docendi

58 2485 159 2525 munus
186 2468 339 2535 mandavit,
364 2467 435 2524 alios
457 2468 600 2532 erudiant,
622 2482 702 2523 veras
719 2483 751 2522 ac
778 2477 868 2523 rectas
894 2468 1021 2523 notiones
1042 2468 1200 2538 junioribus

56 2561 158 2615 animis
178 2561 358 2616 instillantes.
385 2559 442 2613 llac
462 2559 568 2614 ratione
591 2558 625 2612 ad
648 2567 753 2612 natura
780 2571 904 2612 nonnam
927 2572 1006 2611 inens
1029 2556 1199 2620 instituitur,

57 2667 109 2707 nec
125 2667 207 2722 porro
225 2651 376 2705 verendum
396 2656 439 2703 est
462 2664 497 2703 ne
515 2663 645 2718 perverse
667 2646 824 2712 evolvatur3
848 2647 977 2717 quoniam
1002 2646 1077 2700 enirn
1100 2645 1201 2700 infalli-

55 2741 174 2796 bilitatis
205 2739 270 2794 dote
296 2736 411 2808 praedita
447 2745 489 2791 est
522 2736 661 2802 Ecclesia,
691 2737 761 2791 nihil
791 2746 891 2807 praeter
921 2737 1066 2792 veritatem
1096 2738 1198 2804 tradit,

56 2829 185 2902 prohibet
205 2838 298 2884 autem
315 2843 350 2882 ne
369 2841 447 2882 error
466 2826 518 2881 sub
538 2826 596 2881 veri
619 2827 711 2898 specie
725 2827 856 2899 subrepat
875 2842 907 2882 ac
926 2835 1074 2883 nascentes
1091 2827 1199 2884 animos

56 2919 175 2991 occupet
191 2927 404 2990 corrumpatque
419 2926 448 2973 et
470 2919 508 2972 ita
521 2934 537 2971 a
551 2928 633 2974 rectae
654 2918 820 2974 evolutionis
835 2917 946 2974 tramite
962 2927 1077 2974 avertat.
1092 2920 1198 2976 Pubes-

56 3020 150 3066 centes
179 3026 244 3065 vero
270 3009 378 3065 animos
397 3026 571 3081 nequaquam
598 3010 715 3065 dimittit
740 3009 857 3066 sollicita
884 3018 988 3077 mater,
1010 3010 1059 3066 scd
1088 3011 1199 3067 erudire

56 3099 146 3174 pergit
165 3110 247 3172 atque
261 3100 333 3155 haud
356 3100 524 3156 intermissis
542 3101 617 3157 curis
639 3101 792 3157 doctrinam
816 3117 831 3154 a
850 3099 960 3156 Christo
979 3109 1119 3174 acceptam
1135 3103 1198 3160 illos

55 3190 151 3255 docet,
180 3202 263 3261 atque
285 3189 322 3245 ita
352 3191 462 3246 tandem
483 3190 595 3261 plenum
620 3208 651 3247 ac
677 3194 880 3264 proculusque
904 3193 1013 3266 ingenio
1038 3193 1197 3265 expeditum

55 3296 164 3335 sensum
181 3281 365 3335 christianum
382 3282 411 3337 in
437 3282 550 3339 homine
574 3283 714 3337 informat.

93 3371 145 3426 Ubi
170 3386 203 3426 eo
218 3372 346 3440 pervenit
368 3373 466 3437 horno,
482 3371 558 3427 intus
571 3387 682 3441 semper
698 3370 847 3443 adjuvante
865 3374 958 3429 divina
972 3375 1074 3448 gratia,
1093 3374 1197 3430 Christi

55 3460 182 3535 dogmata
195 3463 251 3533 jam
265 3463 335 3517 altas
346 3464 374 3517 in
393 3481 425 3520 eo
439 3473 555 3538 egerunt
572 3463 698 3529 radices,
715 3472 799 3533 atque
812 3462 866 3518 side
879 3462 1007 3519 firmatus
1022 3464 1196 3531 intellectus,

54 3551 112 3608 illis
130 3552 212 3622 plane
237 3552 361 3608 imbutus
382 3570 415 3610 ac
434 3554 553 3611 refertus
573 3553 760 3625 conspicitur:
776 3568 860 3608 verus
877 3567 909 3608 ac
927 3569 1074 3627 germanus
1091 3553 1196 3610 Christi

55 3643 130 3699 iilius
159 3642 247 3698 iactus
273 3653 328 3707 est,
351 3659 402 3698 nee
424 3645 544 3715 amplius
570 3646 626 3701 ulia
652 3644 760 3700 ratione
784 3659 898 3699 necesse
923 3653 967 3700 est
996 3653 1027 3698 ut
1052 3643 1197 3717 religionis

54 3733 166 3789 decreta
185 3749 218 3788 ex
237 3732 292 3788 alio
306 3733 380 3788 lonte
402 3735 514 3790 haurire
528 3745 610 3806 atque
628 3736 755 3806 excipere
773 3735 934 3802 contendat;
950 3735 1020 3790 nihil
1033 3737 1086 3807 ipsi
1105 3736 1196 3803 deest,

54 3825 191 3899 integram
213 3823 403 3895 illibatamque
418 3825 573 3881 doctrinam
587 3841 620 3882 ex
643 3827 732 3898 ipsius
752 3827 908 3884 tenerrimae
921 3828 1032 3890 matris,
1059 3828 1194 3898 quaefalli

55 3925 189 3987 nequeat,
207 3929 254 3970 ore
280 3930 396 3971 securus
414 3917 530 3987 accepit.

91 4009 133 4063 En
146 4022 202 4078 quo
212 4005 324 4061 demum
340 4016 419 4076 pacto
432 4007 571 4075 Ecclesia,
585 4023 635 4063 seu
646 4006 776 4066 Christus
789 4009 849 4079 ipse
863 4023 912 4078 per
923 4008 1075 4064 Ecclesiam
1088 4009 1196 4082 operari

55 4114 191 4170 pergens,
220 4097 373 4152 secundum
399 4098 528 4153 humanae
556 4108 662 4154 naturae
688 4100 778 4173 leges,
804 4098 945 4154 hominem
970 4115 986 4153 a
1012 4099 1117 4155 teneris
1135 4113 1195 4152 rna-

55 4197 135 4245 terno
155 4186 314 4258 complexus
337 4203 431 4246 amore
451 4190 585 4263 suscipit,
605 4190 713 4255 erudit,
733 4189 855 4246 instituit
872 4190 1060 4260 paulatimque
1082 4186 1199 4242 christi-

54 4293 137 4334 anum
154 4278 326 4333 intellectum
346 4294 377 4334 ac
400 4295 514 4338 sensum
534 4280 563 4335 in
581 4279 641 4350 ipso
660 4278 752 4337 efficit.
775 4280 842 4348 Quae
858 4296 943 4351 quum
960 4280 997 4336 ita
1011 4279 1084 4342 sint,
1108 4277 1197 4348 liquet·

1010 4395 1049 4456 94
