3150 5160
336 372 503 416 nrrnrsuus
517 373 557 415 au
571 371 756 416 scararunau
771 373 790 414 a
806 372 931 433 srnauss
945 371 1192 417 accouuooarus.
1299 361 1353 418 tdt

250 533 344 607 Operae
357 533 479 606 pretium
492 549 548 591 non
562 534 633 590 duco
648 534 683 590 de
697 534 835 589 industria
851 533 986 590 Straussii
1002 543 1158 592 commenta
1177 535 1317 606 reiellerc3
1332 539 1360 596 id

217 640 268 681 oon
286 624 338 682 lert
352 633 479 680 nostrum
493 624 670 689 institutum,
687 633 716 680 et
732 639 814 695 porro
833 623 1030 681 imbecilliores
1046 625 1275 700 ridiculioresque
1294 639 1360 685 suot

216 715 273 785 ejus
287 715 543 788 argumentationes
564 730 647 785 quam
668 723 700 770 ut
716 714 822 785 aliquid
844 714 976 786 temporis
994 715 1154 786 impendere
1164 719 1248 774 velim
1271 719 1307 774 iis
1324 720 1359 775 ad

215 803 346 858 trutinam
362 802 505 859 vocandis.
528 803 666 873 Perpetuo
687 804 847 860 testimonia
869 820 952 875 quam
974 805 1094 860 maxime
1109 808 1255 878 perspicua
1279 807 1358 865 tlocci

215 891 287 959 lacit,
304 901 333 950 et
349 892 438 949 sicubi
454 893 481 948 in
496 893 653 966 Evangeliis
670 893 811 965 quidpiam
828 893 942 951 oliendit
955 896 1028 967 quod
1042 897 1131 968 primo
1147 898 1246 955 obtutu
1265 901 1359 958 minus

215 983 372 1038 consentire
381 983 509 1039 videatur
521 999 585 1039 cum
598 984 661 1041 aliis
675 984 755 1052 locis,
767 1001 831 1042 mox
845 987 995 1058 scriptores
1005 1001 1099 1043 secum
1112 1004 1234 1062 pugnare
1247 1006 1359 1047 asseve-

214 1083 267 1141 rat,
279 1073 355 1128 nulla
369 1075 477 1131 ratione
490 1074 584 1131 habita
603 1090 775 1146 eorumquae
793 1076 898 1133 centies
911 1076 946 1132 ab
962 1076 1160 1149 interpretibus
1179 1088 1207 1135 et
1222 1080 1359 1156 theologis

214 1164 372 1220 christianis
389 1180 421 1221 ea
438 1165 467 1219 iu
487 1165 547 1221 loca
565 1174 659 1222 notata
676 1165 765 1233 luere,
781 1167 937 1237 quibusque
955 1167 1111 1224 luculenter
1126 1177 1360 1226 commonstretur

213 1269 247 1310 nc
269 1256 392 1327 speciem
417 1255 531 1327 quidem
552 1257 743 1330 repugnantiae
765 1257 800 1312 iis
826 1257 929 1314 inesse.
952 1256 1042 1314 Dubio
1065 1260 1160 1330 procul
1183 1260 1207 1315 si
1228 1260 1357 1332 quopiam

214 1354 291 1416 pacto
318 1355 393 1402 stare
420 1354 517 1419 posset
544 1345 677 1403 Straussii
704 1345 860 1413 sententia,
883 1361 940 1403 non
962 1346 1108 1421 Evangelia
1134 1349 1233 1418 modo,
1260 1352 1309 1408 scd
1330 1361 1359 1408 et

214 1437 341 1494 universa
360 1438 463 1510 scripta
489 1453 551 1509 quoe
570 1437 675 1508 aliquid
694 1436 867 1507 antiquitatis
887 1436 940 1492 sibi
957 1438 1099 1494 vindicent
1118 1441 1178 1511 pari
1195 1440 1258 1512 jure
1275 1442 1358 1498 dubia

213 1524 301 1583 forent
314 1527 457 1598 ponenda,
472 1534 500 1583 et
513 1543 595 1598 quam
613 1527 768 1583 latissimus
781 1525 975 1598 scepticismus
989 1529 1152 1585 statuendus
1165 1540 1248 1588 esset.
1263 1532 1359 1604 ltaque

212 1616 254 1671 vel
274 1616 432 1690 Evangeliis
446 1617 516 1674 srdes
529 1617 662 1674 historica
676 1617 831 1674 adhibenda
845 1626 898 1683 est,
917 1619 960 1674 vel
975 1618 1009 1674 de
1026 1620 1156 1677 omnibus
1171 1624 1358 1679 monumentis

213 1705 354 1762 historicis
367 1706 560 1763 dubitandum.

246 1797 365 1864 Verum,
384 1797 456 1869 quod
474 1798 533 1869 iam
552 1796 716 1867 innueram,
735 1799 838 1855 iterum
856 1799 1060 1856 animadvertas
1075 1799 1172 1868 velim,
1190 1811 1220 1856 ut
1236 1802 1357 1858 rationa-

211 1887 325 1955 listicae,
339 1903 422 1960 quam
437 1896 581 1959 tantopere
593 1887 714 1959 jactant,
731 1889 843 1946 critices
863 1898 1033 1946 momentum
1049 1898 1077 1945 et
1092 1889 1251 1946 firmitatem
1264 1893 1357 1947 metiri

210 1979 312 2051 possis.
334 1977 437 2034 Omnes
459 1993 529 2050 quas
547 1978 635 2035 sivcc
660 1978 820 2037 confusione
834 1979 1059 2054 repugnantiisvc
1072 1978 1141 2036 ialso
1157 1979 1285 2048 creditis,
1300 1981 1359 2038 sive

212 2085 228 2125 e
241 2069 465 2126 testimoniorum
478 2085 540 2142 quae
554 2068 695 2127 sufficiant
707 2071 817 2127 delectu
837 2080 929 2127 movet
947 2069 1124 2126 difficultates
1142 2070 1296 2126 acerrimus
1310 2070 1358 2128 ille

211 2160 352 2233 hlythismi
371 2158 477 2227 fautor,
491 2174 666 2231 nequaquam
686 2161 778 2216 animo
797 2160 966 2232 praejudiciis
979 2160 1067 2216 libero
1082 2159 1198 2230 inquirit
1210 2176 1242 2216 ac
1257 2177 1357 2233 propo-

212 2253 268 2320 nit;
278 2252 330 2308 'sed
344 2266 392 2307 eas
404 2250 509 2323 reperit
522 2259 672 2324 tueturque
685 2250 758 2323 quod
772 2250 841 2306 illud
857 2251 1014 2307 necessario
1030 2251 1152 2322 postulat
1168 2262 1358 2325 praeconcepta

211 2344 314 2417 opinio.
330 2343 365 2398 Et
382 2358 448 2400 vero
468 2358 594 2399 asserere
615 2359 670 2400 non
688 2342 785 2398 dubito
801 2341 859 2399 iore
873 2351 904 2398 ut
923 2341 1036 2399 Strauss
1051 2341 1112 2413 ipsc
1130 2350 1158 2398 et
1170 2341 1264 2399 caeteri
1276 2351 1357 2414 quot-

211 2443 279 2505 quot
291 2449 363 2506 peue
375 2440 441 2489 sunt
455 2432 635 2489 rationalistae
646 2434 697 2489 bas
710 2448 780 2505 quas
794 2433 937 2490 venditant
949 2431 1124 2488 difficultates
1137 2432 1224 2488 veluti
1243 2431 1358 2488 totidem

211 2540 299 2598 nugas
325 2532 353 2580 et
381 2524 560 2580 delirantium
580 2525 688 2581 somnia
711 2532 920 2580 contemnerent
943 2522 1162 2592 irriderentque,
1184 2521 1239 2576 nisi
1256 2521 1359 2591 quibus

212 2615 378 2671 imbuuntur
408 2613 591 2670 rationalismi
620 2614 780 2687 praejudicia
810 2612 946 2684 ejusmodi
975 2619 1130 2668 commenta
1166 2609 1357 2684 efflagitarent.

211 2703 285 2772 Quid
305 2703 409 2776 igitur?
435 2701 491 2758 Ceu
513 2703 612 2776 dogma
634 2717 745 2757 sacrum
766 2719 819 2759 una
840 2716 903 2758 cum
931 2700 1048 2772 reliquis
1073 2699 1254 2755 rationalistis
1273 2699 1359 2755 sumit

210 2803 308 2850 auctor
327 2792 461 2848 miracula
486 2791 670 2862 impossibilia
694 2806 777 2857 esse;
803 2807 864 2861 quae
883 2789 1015 2862 quoniam
1036 2789 1066 2843 in
1083 2788 1240 2862 Evangeliis
1261 2802 1358 2843 occur-

210 2889 295 2947 runt,
322 2879 446 2951 inquirat
469 2887 578 2951 oportet
603 2881 652 2951 qui
677 2881 792 2937 conficta
817 2879 920 2936 luerint
937 2888 965 2935 et
989 2878 1090 2935 deinde
1110 2879 1213 2950 scripto
1238 2878 1356 2950 prodita.

210 2970 379 3046 Mythismus
400 2979 515 3043 repente
534 2969 587 3041 ipsi
600 2978 664 3027 ante
681 2971 777 3027 oculos
796 2969 971 3036 obversatur,
986 2969 1066 3039 isque
1079 2975 1220 3038 tamquam
1242 2984 1296 3024 una
1312 2968 1357 3024 ria

210 3077 265 3134 qua
283 3069 312 3117 ct
330 3059 521 3116 rationalismo
543 3059 585 3114 ire
607 3059 689 3115 liceat
710 3066 738 3115 et
756 3057 847 3115 omnia
867 3057 998 3130 explicari
1016 3066 1117 3129 queant
1130 3057 1220 3114 eidem
1233 3069 1356 3131 apparet.

209 3152 386 3223 Quapropter
405 3150 477 3206 nihil
495 3149 616 3221 amplius
633 3149 843 3222 ambigendum,
863 3149 989 3218 apriori
1007 3147 1138 3221 deinceps
1155 3159 1261 3204 certum
1273 3159 1316 3206 cst
1329 3158 1358 3206 et

209 3242 359 3298 immotum
373 3241 495 3314 mythice
508 3239 685 3312 intelligenda
695 3254 758 3295 esse
770 3254 848 3295 sacra
859 3238 1014 3312 Evangelia.
1025 3238 1082 3295 Nec
1094 3238 1167 3295 dicat
1175 3238 1239 3310 quis
1252 3239 1279 3295 id
1293 3253 1356 3309 pro-

208 3332 307 3389 hibere
320 3331 498 3403 apertissima
511 3329 670 3387 testimonia
690 3328 837 3396 historica,
856 3338 950 3385 vetare
969 3342 1078 3400 quoque
1097 3328 1267 3382 luculentam
1282 3327 1356 3382 veri-

209 3420 277 3476 tatis
304 3418 425 3477 indolem
452 3435 513 3492 quae
536 3420 565 3475 in
589 3421 625 3477 iis
648 3419 799 3476 cernitur:
823 3418 882 3475 haec
910 3419 1003 3474 omnia
1030 3416 1100 3471 nihil
1126 3416 1229 3470 virium
1254 3414 1357 3470 habere

208 3518 341 3582 possunt,
366 3509 455 3579 quod,
476 3509 500 3565 si
518 3508 672 3565 authentici
693 3508 784 3564 locent
806 3507 870 3563 libri
897 3507 959 3573 isti,
979 3507 1008 3563 in
1031 3506 1130 3563 erratis
1147 3505 1218 3562 ioret
1236 3513 1356 3578 systema

209 3598 381 3672 mythicum,
398 3613 451 3654 nec
471 3597 526 3653 ulla
546 3607 705 3669 superesset
726 3597 798 3653 ratio
814 3610 863 3652 eos
883 3596 1036 3652 secundum
1058 3594 1240 3652 rationalismi
1256 3595 1357 3667 placita

211 3686 385 3761 explicandi!
411 3687 499 3760 lgitnr
517 3687 551 3743 ad
579 3703 675 3744 eorum
703 3687 785 3743 fidem
813 3687 976 3744 historicam
1007 3684 1224 3742 labefactandam
1255 3701 1356 3743 nervos

209 3791 308 3834 omncs
325 3776 505 3834 rationalistae
522 3777 690 3832 contendant
702 3793 818 3834 necesse
837 3786 894 3845 cst;
914 3791 1089 3850 quacumque
1105 3775 1216 3831 demum
1235 3785 1294 3832 arte
1313 3792 1358 3833 re·

209 3866 376 3940 pugnantias
389 3865 516 3921 invenire
529 3864 644 3932 debent,
656 3866 714 3921 vim
729 3867 952 3924 testimoniorum
965 3869 1088 3930 elevare,
1100 3866 1225 3938 cujusvis
1237 3867 1357 3938 denique

210 3957 321 4030 generis
343 3964 505 4031 argumenta
518 3971 568 4028 per
580 3955 621 4011 ias
634 3963 662 4010 et
675 3954 753 4011 nefas
766 3955 911 4026 exquirere
924 3965 952 4012 et
965 3971 1074 4030 cogere,
1092 3954 1193 4025 quibus
1206 3956 1289 4012 finem
1303 3955 1356 4011 sibi

210 4047 398 4118 praestitutum
415 4045 528 4102 taudem
547 4053 761 4116 consequantur.

248 4135 337 4206 Atque
356 4137 430 4193 idem
449 4135 541 4207 aliquo
555 4151 640 4193 sensu
662 4135 697 4193 de
721 4134 850 4193 omnibus
869 4136 1106 4193 rationalistarum
1126 4134 1357 4207 inquisitionibus

209 4225 375 4296 dicendum,
388 4227 461 4286 idem
479 4225 515 4283 de
534 4225 591 4283 illis
603 4225 739 4299 judicium
753 4225 898 4285 ferendum
913 4237 965 4285 est.
982 4226 1116 4286 Desinant
1134 4242 1200 4298 ergo
1220 4240 1356 4282 summam
