<?xml version="1.0" encoding="UTF-8"?>
<!DOCTYPE html PUBLIC "-//W3C//DTD XHTML 1.0 Transitional//EN"
    "http://www.w3.org/TR/xhtml1/DTD/xhtml1-transitional.dtd">
<html xmlns="http://www.w3.org/1999/xhtml" xml:lang="en" lang="en">
 <head>
  <title>
</title>
<meta http-equiv="Content-Type" content="text/html;charset=utf-8" />
  <meta name='ocr-system' content='tesseract 3.04.00' />
  <meta name='ocr-capabilities' content='ocr_page ocr_carea ocr_par ocr_line ocrx_word'/>
</head>
<body>
  <div class='ocr_page' id='page_1' title='image "./dissertatiohist00lafogoog_0199.png"; bbox 0 0 3150 5160; ppageno 0'>
   <div class='ocr_carea' id='block_1_1' title="bbox 214 336 1035 397">
    <p class='ocr_par' dir='ltr' id='par_1_1' title="bbox 214 336 1035 397">
     <span class='ocr_line' id='line_1_1' title="bbox 214 336 1035 397; baseline -0.004 0"><span class='ocrx_word' id='word_1_1' title='bbox 214 336 275 397; x_wconf 71' lang='lat'><strong>184</strong></span> <span class='ocrx_word' id='word_1_2' title='bbox 534 351 659 396; x_wconf 73' lang='lat' dir='ltr'><strong>cernon</strong></span> <span class='ocrx_word' id='word_1_3' title='bbox 680 351 812 396; x_wconf 83' lang='lat' dir='ltr'><strong>nnanoor</strong></span> <span class='ocrx_word' id='word_1_4' title='bbox 836 348 1035 395; x_wconf 77' lang='lat' dir='ltr'><strong>ononnrsnus.</strong></span> 
     </span>
    </p>
   </div>
   <div class='ocr_carea' id='block_1_2' title="bbox 211 495 1353 1293">
    <p class='ocr_par' dir='ltr' id='par_1_2' title="bbox 211 495 1351 658">
     <span class='ocr_line' id='line_1_2' title="bbox 212 495 1351 571; baseline -0.001 -15"><span class='ocrx_word' id='word_1_5' title='bbox 212 499 282 557; x_wconf 91' lang='lat' dir='ltr'><strong>tiani</strong></span> <span class='ocrx_word' id='word_1_6' title='bbox 295 505 464 571; x_wconf 81' lang='lat' dir='ltr'>postremam</span> <span class='ocrx_word' id='word_1_7' title='bbox 483 496 554 552; x_wconf 91' lang='lat' dir='ltr'><strong>hanc</strong></span> <span class='ocrx_word' id='word_1_8' title='bbox 575 497 742 553; x_wconf 79' lang='lat' dir='ltr'><strong>sententiam</strong></span> <span class='ocrx_word' id='word_1_9' title='bbox 760 495 913 569; x_wconf 88' lang='lat' dir='ltr'><strong>approbare</strong></span> <span class='ocrx_word' id='word_1_10' title='bbox 932 511 964 551; x_wconf 88' lang='lat' dir='ltr'><strong>ac</strong></span> <span class='ocrx_word' id='word_1_11' title='bbox 975 497 1057 568; x_wconf 90' lang='lat' dir='ltr'><strong>plane</strong></span> <span class='ocrx_word' id='word_1_12' title='bbox 1069 496 1261 553; x_wconf 90' lang='lat' dir='ltr'><strong>demonstrare</strong></span> <span class='ocrx_word' id='word_1_13' title='bbox 1275 497 1351 555; x_wconf 87' lang='lat' dir='ltr'><strong>nobis</strong></span> 
     </span>
     <span class='ocr_line' id='line_1_3' title="bbox 211 586 1079 658; baseline -0.005 -13"><span class='ocrx_word' id='word_1_14' title='bbox 211 588 350 646; x_wconf 84' lang='lat' dir='ltr'><strong>uidentur.</strong></span> <span class='ocrx_word' id='word_1_15' title='bbox 368 586 470 642; x_wconf 78' lang='lat' dir='ltr'><strong>ilerum</strong></span> <span class='ocrx_word' id='word_1_16' title='bbox 492 586 551 641; x_wconf 85' lang='lat' dir='ltr'><strong>haec</strong></span> <span class='ocrx_word' id='word_1_17' title='bbox 568 587 602 642; x_wconf 92' lang='lat' dir='ltr'><strong>ad</strong></span> <span class='ocrx_word' id='word_1_18' title='bbox 617 586 691 642; x_wconf 90' lang='lat' dir='ltr'><strong>hunc</strong></span> <span class='ocrx_word' id='word_1_19' title='bbox 705 596 852 643; x_wconf 87' lang='lat' dir='ltr'><strong>tractatum</strong></span> <span class='ocrx_word' id='word_1_20' title='bbox 870 603 926 644; x_wconf 93' lang='lat' dir='ltr'><strong>non</strong></span> <span class='ocrx_word' id='word_1_21' title='bbox 943 596 1079 658; x_wconf 87' lang='lat' dir='ltr'><strong>spectant.</strong></span> 
     </span>
    </p>

    <p class='ocr_par' dir='ltr' id='par_1_3' title="bbox 212 675 1353 1293">
     <span class='ocr_line' id='line_1_4' title="bbox 250 675 1351 751; baseline -0.004 -17"><span class='ocrx_word' id='word_1_22' title='bbox 250 678 385 746; x_wconf 81' lang='lat' dir='ltr'>Quoniam</span> <span class='ocrx_word' id='word_1_23' title='bbox 402 675 576 731; x_wconf 74' lang='lat' dir='ltr'><strong>auctoritatis</strong></span> <span class='ocrx_word' id='word_1_24' title='bbox 588 676 718 733; x_wconf 89' lang='lat' dir='ltr'><strong>Ecclesiae</strong></span> <span class='ocrx_word' id='word_1_25' title='bbox 732 678 921 751; x_wconf 84' lang='lat' dir='ltr'><strong>organismum</strong></span> <span class='ocrx_word' id='word_1_26' title='bbox 936 677 1033 747; x_wconf 83' lang='lat' dir='ltr'>paucis</span> <span class='ocrx_word' id='word_1_27' title='bbox 1048 677 1121 747; x_wconf 87' lang='lat' dir='ltr'><strong>jam,</strong></span> <span class='ocrx_word' id='word_1_28' title='bbox 1136 684 1168 732; x_wconf 89' lang='lat' dir='ltr'><strong>nt</strong></span> <span class='ocrx_word' id='word_1_29' title='bbox 1179 692 1225 732; x_wconf 87' lang='lat' dir='ltr'><strong>res</strong></span> <span class='ocrx_word' id='word_1_30' title='bbox 1234 675 1351 743; x_wconf 84' lang='lat' dir='ltr'><strong>serebat,</strong></span> 
     </span>
     <span class='ocr_line' id='line_1_5' title="bbox 212 765 1353 842; baseline -0.002 -18"><span class='ocrx_word' id='word_1_31' title='bbox 212 768 371 842; x_wconf 79' lang='lat' dir='ltr'><strong>attigimus,</strong></span> <span class='ocrx_word' id='word_1_32' title='bbox 389 765 418 820; x_wconf 89' lang='lat' dir='ltr'><strong>in</strong></span> <span class='ocrx_word' id='word_1_33' title='bbox 438 774 566 837; x_wconf 91' lang='lat' dir='ltr'><strong>promptu</strong></span> <span class='ocrx_word' id='word_1_34' title='bbox 584 782 658 822; x_wconf 89' lang='lat' dir='ltr'><strong>nnnc</strong></span> <span class='ocrx_word' id='word_1_35' title='bbox 672 776 715 823; x_wconf 89' lang='lat' dir='ltr'><strong>est</strong></span> <span class='ocrx_word' id='word_1_36' title='bbox 732 769 780 839; x_wconf 91' lang='lat' dir='ltr'><strong>qui</strong></span> <span class='ocrx_word' id='word_1_37' title='bbox 800 768 951 822; x_wconf 83' lang='lat' dir='ltr'><strong>auctoritas</strong></span> <span class='ocrx_word' id='word_1_38' title='bbox 970 767 1016 821; x_wconf 89' lang='lat' dir='ltr'><strong>illa</strong></span> <span class='ocrx_word' id='word_1_39' title='bbox 1035 768 1155 823; x_wconf 89' lang='lat' dir='ltr'><strong>visibilis</strong></span> <span class='ocrx_word' id='word_1_40' title='bbox 1171 777 1255 839; x_wconf 91' lang='lat' dir='ltr'><strong>atque</strong></span> <span class='ocrx_word' id='word_1_41' title='bbox 1268 769 1353 823; x_wconf 89' lang='lat' dir='ltr'><strong>omni-</strong></span> 
     </span>
     <span class='ocr_line' id='line_1_6' title="bbox 212 855 1353 928; baseline -0.004 -12"><span class='ocrx_word' id='word_1_42' title='bbox 212 860 266 916; x_wconf 85' lang='lat' dir='ltr'><strong>bus</strong></span> <span class='ocrx_word' id='word_1_43' title='bbox 288 855 436 927; x_wconf 91' lang='lat' dir='ltr'><strong>conspicua</strong></span> <span class='ocrx_word' id='word_1_44' title='bbox 452 865 597 927; x_wconf 81' lang='lat' dir='ltr'><strong>appareat,</strong></span> <span class='ocrx_word' id='word_1_45' title='bbox 613 856 717 928; x_wconf 90' lang='lat' dir='ltr'><strong>quique</strong></span> <span class='ocrx_word' id='word_1_46' title='bbox 731 857 827 913; x_wconf 90' lang='lat' dir='ltr'><strong>itidem</strong></span> <span class='ocrx_word' id='word_1_47' title='bbox 840 856 994 913; x_wconf 81' lang='lat' dir='ltr'><strong>manifestae</strong></span> <span class='ocrx_word' id='word_1_48' title='bbox 1006 866 1034 912; x_wconf 92' lang='lat' dir='ltr'><strong>et</strong></span> <span class='ocrx_word' id='word_1_49' title='bbox 1049 867 1183 913; x_wconf 88' lang='lat' dir='ltr'><strong>concretae</strong></span> <span class='ocrx_word' id='word_1_50' title='bbox 1200 857 1353 913; x_wconf 84' lang='lat' dir='ltr'><strong>efficiantur</strong></span> 
     </span>
     <span class='ocr_line' id='line_1_7' title="bbox 212 945 1352 1020; baseline 0 -16"><span class='ocrx_word' id='word_1_51' title='bbox 212 964 275 1020; x_wconf 91' lang='lat' dir='ltr'><strong>quae</strong></span> <span class='ocrx_word' id='word_1_52' title='bbox 288 947 341 1019; x_wconf 87' lang='lat' dir='ltr'><strong>ipsi</strong></span> <span class='ocrx_word' id='word_1_53' title='bbox 355 961 370 1001; x_wconf 90' lang='lat' dir='ltr'><strong>a</strong></span> <span class='ocrx_word' id='word_1_54' title='bbox 390 945 501 1001; x_wconf 87' lang='lat' dir='ltr'><strong>Christo</strong></span> <span class='ocrx_word' id='word_1_55' title='bbox 516 946 624 1001; x_wconf 80' lang='lat' dir='ltr'><strong>traditae</strong></span> <span class='ocrx_word' id='word_1_56' title='bbox 641 954 707 1001; x_wconf 90' lang='lat' dir='ltr'><strong>sunt</strong></span> <span class='ocrx_word' id='word_1_57' title='bbox 727 946 819 1014; x_wconf 89' lang='lat' dir='ltr'><strong>dotes;</strong></span> <span class='ocrx_word' id='word_1_58' title='bbox 835 946 922 1017; x_wconf 90' lang='lat' dir='ltr'><strong>liquet</strong></span> <span class='ocrx_word' id='word_1_59' title='bbox 937 947 1052 1018; x_wconf 88' lang='lat' dir='ltr'><strong>proinde</strong></span> <span class='ocrx_word' id='word_1_60' title='bbox 1069 963 1123 1018; x_wconf 92' lang='lat' dir='ltr'><strong>qua</strong></span> <span class='ocrx_word' id='word_1_61' title='bbox 1141 948 1248 1003; x_wconf 89' lang='lat' dir='ltr'><strong>ratione</strong></span> <span class='ocrx_word' id='word_1_62' title='bbox 1261 947 1352 1004; x_wconf 90' lang='lat' dir='ltr'><strong>munia</strong></span> 
     </span>
     <span class='ocr_line' id='line_1_8' title="bbox 214 1037 1352 1110; baseline -0.002 -14"><span class='ocrx_word' id='word_1_63' title='bbox 214 1038 268 1096; x_wconf 92' lang='lat' dir='ltr'><strong>sibi</strong></span> <span class='ocrx_word' id='word_1_64' title='bbox 286 1037 443 1094; x_wconf 89' lang='lat' dir='ltr'><strong>concredita</strong></span> <span class='ocrx_word' id='word_1_65' title='bbox 457 1037 534 1092; x_wconf 89' lang='lat' dir='ltr'><strong>obire</strong></span> <span class='ocrx_word' id='word_1_66' title='bbox 549 1052 580 1093; x_wconf 91' lang='lat' dir='ltr'><strong>ac</strong></span> <span class='ocrx_word' id='word_1_67' title='bbox 593 1038 675 1109; x_wconf 93' lang='lat' dir='ltr'><strong>plene</strong></span> <span class='ocrx_word' id='word_1_68' title='bbox 687 1039 786 1109; x_wconf 80' lang='lat' dir='ltr'><strong>exequi</strong></span> <span class='ocrx_word' id='word_1_69' title='bbox 799 1038 896 1109; x_wconf 89' lang='lat' dir='ltr'><strong>possit.</strong></span> <span class='ocrx_word' id='word_1_70' title='bbox 910 1038 1065 1094; x_wconf 79' lang='lat' dir='ltr'><strong>Videndum</strong></span> <span class='ocrx_word' id='word_1_71' title='bbox 1078 1047 1165 1094; x_wconf 91' lang='lat' dir='ltr'><strong>restat</strong></span> <span class='ocrx_word' id='word_1_72' title='bbox 1181 1040 1230 1110; x_wconf 91' lang='lat' dir='ltr'><strong>qul</strong></span> <span class='ocrx_word' id='word_1_73' title='bbox 1243 1038 1352 1094; x_wconf 92' lang='lat' dir='ltr'><strong>demum</strong></span> 
     </span>
     <span class='ocr_line' id='line_1_9' title="bbox 214 1126 1352 1201; baseline 0 -17"><span class='ocrx_word' id='word_1_74' title='bbox 214 1128 259 1184; x_wconf 92' lang='lat' dir='ltr'><strong>his</strong></span> <span class='ocrx_word' id='word_1_75' title='bbox 272 1127 380 1201; x_wconf 89' lang='lat' dir='ltr'><strong>pollens</strong></span> <span class='ocrx_word' id='word_1_76' title='bbox 400 1126 512 1184; x_wconf 89' lang='lat' dir='ltr'><strong>dotibus</strong></span> <span class='ocrx_word' id='word_1_77' title='bbox 526 1128 650 1184; x_wconf 81' lang='lat' dir='ltr'><strong>Ecclesia</strong></span> <span class='ocrx_word' id='word_1_78' title='bbox 667 1144 737 1200; x_wconf 91' lang='lat' dir='ltr'><strong>opus</strong></span> <span class='ocrx_word' id='word_1_79' title='bbox 750 1143 765 1182; x_wconf 94' lang='lat' dir='ltr'><strong>a</strong></span> <span class='ocrx_word' id='word_1_80' title='bbox 778 1128 891 1184; x_wconf 84' lang='lat' dir='ltr'><strong>Christo</strong></span> <span class='ocrx_word' id='word_1_81' title='bbox 907 1127 1048 1200; x_wconf 91' lang='lat' dir='ltr'><strong>inceptum</strong></span> <span class='ocrx_word' id='word_1_82' title='bbox 1062 1145 1159 1201; x_wconf 89' lang='lat' dir='ltr'><strong>reapse</strong></span> <span class='ocrx_word' id='word_1_83' title='bbox 1172 1138 1352 1201; x_wconf 89' lang='lat' dir='ltr'><strong>prosequatur</strong></span> 
     </span>
     <span class='ocr_line' id='line_1_10' title="bbox 213 1217 1094 1293; baseline 0 -20"><span class='ocrx_word' id='word_1_84' title='bbox 213 1234 246 1275; x_wconf 89' lang='lat' dir='ltr'><strong>ac</strong></span> <span class='ocrx_word' id='word_1_85' title='bbox 264 1217 400 1290; x_wconf 85' lang='lat' dir='ltr'><strong>perficiat,</strong></span> <span class='ocrx_word' id='word_1_86' title='bbox 422 1218 551 1276; x_wconf 92' lang='lat' dir='ltr'><strong>homines</strong></span> <span class='ocrx_word' id='word_1_87' title='bbox 570 1220 711 1288; x_wconf 92' lang='lat' dir='ltr'><strong>docendo,</strong></span> <span class='ocrx_word' id='word_1_88' title='bbox 731 1218 904 1275; x_wconf 81' lang='lat' dir='ltr'><strong>informando</strong></span> <span class='ocrx_word' id='word_1_89' title='bbox 918 1233 950 1275; x_wconf 93' lang='lat' dir='ltr'><strong>ac</strong></span> <span class='ocrx_word' id='word_1_90' title='bbox 964 1218 1094 1293; x_wconf 81' lang='lat' dir='ltr'><strong>regendo.</strong></span> 
     </span>
    </p>
   </div>
   <div class='ocr_carea' id='block_1_3' title="bbox 219 1451 1353 1479">
    <p class='ocr_par' dir='ltr' id='par_1_4' title="bbox 219 1451 1353 1479">
     <span class='ocr_line' id='line_1_11' title="bbox 219 1451 1353 1479; baseline 0.001 -1"><span class='ocrx_word' id='word_1_91' title='bbox 219 1451 1353 1479; x_wconf 51' lang='lat' dir='ltr'><em>m</em></span> 
     </span>
    </p>
   </div>
   <div class='ocr_carea' id='block_1_4' title="bbox 670 1652 902 1736">
    <p class='ocr_par' dir='ltr' id='par_1_5' title="bbox 670 1652 902 1736">
     <span class='ocr_line' id='line_1_12' title="bbox 670 1652 902 1736; baseline 0.009 -2"><span class='ocrx_word' id='word_1_92' title='bbox 670 1652 808 1735; x_wconf 78' lang='lat' dir='ltr'><strong>CAPUT</strong></span> <span class='ocrx_word' id='word_1_93' title='bbox 835 1652 902 1736; x_wconf 87' lang='grc' dir='ltr'><strong>ΙΙΙ.</strong></span> 
     </span>
    </p>
   </div>
   <div class='ocr_carea' id='block_1_5' title="bbox 232 1923 1328 2158">
    <p class='ocr_par' dir='ltr' id='par_1_6' title="bbox 232 1923 1328 2158">
     <span class='ocr_line' id='line_1_13' title="bbox 232 1923 1328 1975; baseline -0.002 -10"><span class='ocrx_word' id='word_1_94' title='bbox 232 1925 265 1966; x_wconf 83' lang='lat' dir='ltr'><strong>DE</strong></span> <span class='ocrx_word' id='word_1_95' title='bbox 276 1924 388 1966; x_wconf 69' lang='lat' dir='ltr'><strong>matous</strong></span> <span class='ocrx_word' id='word_1_96' title='bbox 404 1926 456 1974; x_wconf 75' lang='lat' dir='ltr'><strong>QUA</strong></span> <span class='ocrx_word' id='word_1_97' title='bbox 472 1923 659 1966; x_wconf 72' lang='lat' dir='ltr'><strong>ltlcnontnlsn</strong></span> <span class='ocrx_word' id='word_1_98' title='bbox 680 1923 792 1964; x_wconf 77' lang='lat' dir='ltr'><strong>cultisno</strong></span> <span class='ocrx_word' id='word_1_99' title='bbox 805 1923 954 1975; x_wconf 69' lang='lat' dir='ltr'><strong>insitante,</strong></span> <span class='ocrx_word' id='word_1_100' title='bbox 970 1925 1018 1964; x_wconf 85' lang='lat' dir='ltr'><strong>SEU</strong></span> <span class='ocrx_word' id='word_1_101' title='bbox 1031 1923 1158 1966; x_wconf 73' lang='lat' dir='ltr'><strong>accensit</strong></span> <span class='ocrx_word' id='word_1_102' title='bbox 1176 1923 1328 1975; x_wconf 71' lang='lat' dir='ltr'><strong>conueniet,</strong></span> 
     </span>
     <span class='ocr_line' id='line_1_14' title="bbox 267 2014 1298 2064; baseline -0.001 -7"><span class='ocrx_word' id='word_1_103' title='bbox 267 2016 321 2057; x_wconf 77' lang='lat' dir='ltr'><strong>cult</strong></span> <span class='ocrx_word' id='word_1_104' title='bbox 348 2015 489 2056; x_wconf 70' lang='lat' dir='ltr'><strong>nouimus</strong></span> <span class='ocrx_word' id='word_1_105' title='bbox 530 2014 731 2054; x_wconf 76' lang='lat' dir='ltr'><strong>REVELATIONEE</strong></span> <span class='ocrx_word' id='word_1_106' title='bbox 753 2015 928 2055; x_wconf 78' lang='lat' dir='ltr'><strong>cuntsrlxnxu</strong></span> <span class='ocrx_word' id='word_1_107' title='bbox 953 2015 1120 2056; x_wconf 74' lang='lat' dir='ltr'><strong>conuumctn</strong></span> <span class='ocrx_word' id='word_1_108' title='bbox 1144 2015 1298 2064; x_wconf 72' lang='lat' dir='ltr'><strong>EOSDEEQUE</strong></span> 
     </span>
     <span class='ocr_line' id='line_1_15' title="bbox 512 2105 1064 2158; baseline 0.002 -13"><span class='ocrx_word' id='word_1_109' title='bbox 512 2105 656 2158; x_wconf 69' lang='lat' dir='ltr'><strong>insonum,</strong></span> <span class='ocrx_word' id='word_1_110' title='bbox 676 2105 821 2146; x_wconf 66' lang='lat' dir='ltr'><strong>insanusne</strong></span> <span class='ocrx_word' id='word_1_111' title='bbox 840 2106 872 2146; x_wconf 75' lang='lat' dir='ltr'><strong>tc</strong></span> <span class='ocrx_word' id='word_1_112' title='bbox 897 2106 1064 2147; x_wconf 73' lang='lat' dir='ltr'><strong>MODERATUR.</strong></span> 
     </span>
    </p>
   </div>
   <div class='ocr_carea' id='block_1_6' title="bbox 210 2290 1354 4182">
    <p class='ocr_par' dir='ltr' id='par_1_7' title="bbox 213 2290 1353 3093">
     <span class='ocr_line' id='line_1_16' title="bbox 254 2290 1348 2371; baseline -0.004 -22"><span class='ocrx_word' id='word_1_113' title='bbox 254 2291 394 2351; x_wconf 88' lang='lat' dir='ltr'><strong>Hactenus</strong></span> <span class='ocrx_word' id='word_1_114' title='bbox 417 2312 480 2371; x_wconf 83' lang='lat' dir='ltr'><strong>ergo</strong></span> <span class='ocrx_word' id='word_1_115' title='bbox 497 2297 703 2363; x_wconf 89' lang='lat' dir='ltr'><strong>auctoritatem,</strong></span> <span class='ocrx_word' id='word_1_116' title='bbox 729 2294 960 2368; x_wconf 80' lang='lat' dir='ltr'><strong>quemchristus</strong></span> <span class='ocrx_word' id='word_1_117' title='bbox 983 2294 1132 2361; x_wconf 87' lang='lat' dir='ltr'><strong>Dominus,</strong></span> <span class='ocrx_word' id='word_1_118' title='bbox 1155 2290 1348 2351; x_wconf 87' lang='lat' dir='ltr'><strong>christianismi</strong></span> 
     </span>
     <span class='ocr_line' id='line_1_17' title="bbox 217 2385 1348 2460; baseline -0.002 -19"><span class='ocrx_word' id='word_1_119' title='bbox 217 2385 357 2452; x_wconf 93' lang='lat' dir='ltr'><strong>conditor,</strong></span> <span class='ocrx_word' id='word_1_120' title='bbox 374 2385 432 2458; x_wconf 85' lang='lat' dir='ltr'><strong>jam</strong></span> <span class='ocrx_word' id='word_1_121' title='bbox 451 2388 508 2458; x_wconf 84' lang='lat' dir='ltr'><strong>jam</strong></span> <span class='ocrx_word' id='word_1_122' title='bbox 525 2403 541 2443; x_wconf 92' lang='lat' dir='ltr'><strong>e</strong></span> <span class='ocrx_word' id='word_1_123' title='bbox 556 2387 639 2442; x_wconf 91' lang='lat' dir='ltr'><strong>terris</strong></span> <span class='ocrx_word' id='word_1_124' title='bbox 656 2387 824 2460; x_wconf 82' lang='lat' dir='ltr'><strong>migraturus</strong></span> <span class='ocrx_word' id='word_1_125' title='bbox 839 2386 867 2441; x_wconf 94' lang='lat' dir='ltr'><strong>in</strong></span> <span class='ocrx_word' id='word_1_126' title='bbox 885 2386 928 2442; x_wconf 92' lang='lat' dir='ltr'><strong>sui</strong></span> <span class='ocrx_word' id='word_1_127' title='bbox 941 2386 1034 2442; x_wconf 92' lang='lat' dir='ltr'><strong>locum</strong></span> <span class='ocrx_word' id='word_1_128' title='bbox 1048 2385 1171 2451; x_wconf 86' lang='lat' dir='ltr'><strong>suffecit,</strong></span> <span class='ocrx_word' id='word_1_129' title='bbox 1186 2385 1216 2440; x_wconf 91' lang='lat' dir='ltr'><strong>in</strong></span> <span class='ocrx_word' id='word_1_130' title='bbox 1233 2400 1264 2440; x_wconf 90' lang='lat' dir='ltr'><strong>se</strong></span> <span class='ocrx_word' id='word_1_131' title='bbox 1276 2397 1348 2454; x_wconf 87' lang='lat' dir='ltr'><strong>spec·</strong></span> 
     </span>
     <span class='ocr_line' id='line_1_18' title="bbox 216 2476 1349 2549; baseline -0.005 -16"><span class='ocrx_word' id='word_1_132' title='bbox 216 2476 352 2545; x_wconf 87' lang='lat' dir='ltr'><strong>tavimus;</strong></span> <span class='ocrx_word' id='word_1_133' title='bbox 374 2494 471 2533; x_wconf 85' lang='lat' dir='ltr'><strong>verum</strong></span> <span class='ocrx_word' id='word_1_134' title='bbox 500 2477 593 2534; x_wconf 91' lang='lat' dir='ltr'><strong>divina</strong></span> <span class='ocrx_word' id='word_1_135' title='bbox 615 2477 678 2540; x_wconf 90' lang='lat' dir='ltr'><strong>illa,</strong></span> <span class='ocrx_word' id='word_1_136' title='bbox 702 2492 784 2548; x_wconf 92' lang='lat' dir='ltr'><strong>quam</strong></span> <span class='ocrx_word' id='word_1_137' title='bbox 805 2477 981 2549; x_wconf 78' lang='lat' dir='ltr'><strong>agnovimus,</strong></span> <span class='ocrx_word' id='word_1_138' title='bbox 1004 2476 1154 2532; x_wconf 91' lang='lat' dir='ltr'><strong>auctoritas</strong></span> <span class='ocrx_word' id='word_1_139' title='bbox 1181 2487 1349 2545; x_wconf 88' lang='lat' dir='ltr'><strong>nequaquam</strong></span> 
     </span>
     <span class='ocr_line' id='line_1_19' title="bbox 216 2565 1349 2639; baseline -0.004 -16"><span class='ocrx_word' id='word_1_140' title='bbox 216 2567 304 2623; x_wconf 89' lang='lat' dir='ltr'><strong>otiosa</strong></span> <span class='ocrx_word' id='word_1_141' title='bbox 318 2583 350 2624; x_wconf 94' lang='lat' dir='ltr'><strong>ac</strong></span> <span class='ocrx_word' id='word_1_142' title='bbox 366 2577 443 2625; x_wconf 91' lang='lat' dir='ltr'><strong>motu</strong></span> <span class='ocrx_word' id='word_1_143' title='bbox 460 2584 560 2625; x_wconf 89' lang='lat' dir='ltr'><strong>vacans</strong></span> <span class='ocrx_word' id='word_1_144' title='bbox 584 2576 741 2639; x_wconf 87' lang='lat' dir='ltr'><strong>permanet,</strong></span> <span class='ocrx_word' id='word_1_145' title='bbox 762 2567 810 2623; x_wconf 93' lang='lat' dir='ltr'><strong>sed</strong></span> <span class='ocrx_word' id='word_1_146' title='bbox 830 2567 907 2622; x_wconf 92' lang='lat' dir='ltr'><strong>illins</strong></span> <span class='ocrx_word' id='word_1_147' title='bbox 927 2567 1016 2622; x_wconf 90' lang='lat' dir='ltr'><strong>instar</strong></span> <span class='ocrx_word' id='word_1_148' title='bbox 1035 2581 1051 2622; x_wconf 91' lang='lat' dir='ltr'><strong>a</strong></span> <span class='ocrx_word' id='word_1_149' title='bbox 1069 2581 1123 2637; x_wconf 94' lang='lat' dir='ltr'><strong>quo</strong></span> <span class='ocrx_word' id='word_1_150' title='bbox 1142 2574 1234 2620; x_wconf 94' lang='lat' dir='ltr'><strong>ortum</strong></span> <span class='ocrx_word' id='word_1_151' title='bbox 1256 2565 1349 2619; x_wconf 84' lang='lat' dir='ltr'><strong>vitam·</strong></span> 
     </span>
     <span class='ocr_line' id='line_1_20' title="bbox 215 2654 1350 2732; baseline -0.003 -19"><span class='ocrx_word' id='word_1_152' title='bbox 215 2674 270 2731; x_wconf 93' lang='lat' dir='ltr'><strong>que</strong></span> <span class='ocrx_word' id='word_1_153' title='bbox 287 2659 373 2715; x_wconf 90' lang='lat' dir='ltr'><strong>trahit</strong></span> <span class='ocrx_word' id='word_1_154' title='bbox 393 2675 503 2732; x_wconf 87' lang='lat' dir='ltr'><strong>semper</strong></span> <span class='ocrx_word' id='word_1_155' title='bbox 521 2668 659 2731; x_wconf 85' lang='lat' dir='ltr'><strong>operatur.</strong></span> <span class='ocrx_word' id='word_1_156' title='bbox 683 2659 813 2714; x_wconf 82' lang='lat' dir='ltr'><strong>Ecclesiae</strong></span> <span class='ocrx_word' id='word_1_157' title='bbox 832 2658 938 2714; x_wconf 93' lang='lat' dir='ltr'><strong>scilicet</strong></span> <span class='ocrx_word' id='word_1_158' title='bbox 955 2667 1012 2724; x_wconf 90' lang='lat' dir='ltr'><strong>est,</strong></span> <span class='ocrx_word' id='word_1_159' title='bbox 1027 2666 1058 2713; x_wconf 93' lang='lat' dir='ltr'><strong>ut</strong></span> <span class='ocrx_word' id='word_1_160' title='bbox 1076 2656 1214 2724; x_wconf 80' lang='lat' dir='ltr'><strong>diximus,</strong></span> <span class='ocrx_word' id='word_1_161' title='bbox 1227 2654 1350 2728; x_wconf 87' lang='lat' dir='ltr'><strong>persequi</strong></span> 
     </span>
     <span class='ocr_line' id='line_1_21' title="bbox 214 2747 1351 2822; baseline -0.003 -19"><span class='ocrx_word' id='word_1_162' title='bbox 214 2763 247 2805; x_wconf 90' lang='lat' dir='ltr'><strong>ac</strong></span> <span class='ocrx_word' id='word_1_163' title='bbox 265 2749 409 2806; x_wconf 90' lang='lat' dir='ltr'><strong>absolvere</strong></span> <span class='ocrx_word' id='word_1_164' title='bbox 433 2750 596 2822; x_wconf 88' lang='lat' dir='ltr'><strong>praeclarum</strong></span> <span class='ocrx_word' id='word_1_165' title='bbox 623 2765 687 2806; x_wconf 91' lang='lat' dir='ltr'><strong>eum</strong></span> <span class='ocrx_word' id='word_1_166' title='bbox 710 2764 743 2804; x_wconf 90' lang='lat' dir='ltr'><strong>ac</strong></span> <span class='ocrx_word' id='word_1_167' title='bbox 765 2749 961 2805; x_wconf 88' lang='lat' dir='ltr'><strong>misericordiae</strong></span> <span class='ocrx_word' id='word_1_168' title='bbox 986 2748 1113 2821; x_wconf 90' lang='lat' dir='ltr'><strong>plenum,</strong></span> <span class='ocrx_word' id='word_1_169' title='bbox 1141 2763 1225 2819; x_wconf 92' lang='lat' dir='ltr'><strong>quem</strong></span> <span class='ocrx_word' id='word_1_170' title='bbox 1253 2747 1305 2803; x_wconf 91' lang='lat' dir='ltr'><strong>sibi</strong></span> <span class='ocrx_word' id='word_1_171' title='bbox 1325 2747 1351 2801; x_wconf 93' lang='lat' dir='ltr'><strong>in</strong></span> 
     </span>
     <span class='ocr_line' id='line_1_22' title="bbox 214 2838 1352 2911; baseline 0.001 -18"><span class='ocrx_word' id='word_1_172' title='bbox 214 2838 289 2894; x_wconf 81' lang='lat' dir='ltr'><strong>hrrnc</strong></span> <span class='ocrx_word' id='word_1_173' title='bbox 311 2840 446 2896; x_wconf 92' lang='lat' dir='ltr'><strong>mundum</strong></span> <span class='ocrx_word' id='word_1_174' title='bbox 476 2840 626 2896; x_wconf 89' lang='lat' dir='ltr'><strong>adveniens</strong></span> <span class='ocrx_word' id='word_1_175' title='bbox 652 2848 772 2896; x_wconf 88' lang='lat' dir='ltr'><strong>aeternus</strong></span> <span class='ocrx_word' id='word_1_176' title='bbox 797 2840 845 2895; x_wconf 86' lang='lat' dir='ltr'><strong>Dei</strong></span> <span class='ocrx_word' id='word_1_177' title='bbox 867 2840 955 2896; x_wconf 89' lang='lat' dir='ltr'><strong>Filius</strong></span> <span class='ocrx_word' id='word_1_178' title='bbox 981 2839 1144 2911; x_wconf 84' lang='lat' dir='ltr'><strong>praestituit,</strong></span> <span class='ocrx_word' id='word_1_179' title='bbox 1171 2838 1274 2906; x_wconf 90' lang='lat' dir='ltr'><strong>tinem;</strong></span> <span class='ocrx_word' id='word_1_180' title='bbox 1297 2839 1352 2910; x_wconf 83' lang='lat' dir='ltr'><strong>ejus</strong></span> 
     </span>
     <span class='ocr_line' id='line_1_23' title="bbox 213 2928 1353 3005; baseline 0 -21"><span class='ocrx_word' id='word_1_181' title='bbox 213 2939 258 2985; x_wconf 90' lang='lat' dir='ltr'><strong>est</strong></span> <span class='ocrx_word' id='word_1_182' title='bbox 280 2931 423 2988; x_wconf 91' lang='lat' dir='ltr'><strong>hominum</strong></span> <span class='ocrx_word' id='word_1_183' title='bbox 440 2947 527 3005; x_wconf 82' lang='lat' dir='ltr'><strong>genus</strong></span> <span class='ocrx_word' id='word_1_184' title='bbox 544 2930 578 2986; x_wconf 91' lang='lat' dir='ltr'><strong>ad</strong></span> <span class='ocrx_word' id='word_1_185' title='bbox 598 2929 743 3004; x_wconf 90' lang='lat' dir='ltr'><strong>pristinam</strong></span> <span class='ocrx_word' id='word_1_186' title='bbox 757 2946 772 2986; x_wconf 95' lang='lat' dir='ltr'><strong>e</strong></span> <span class='ocrx_word' id='word_1_187' title='bbox 788 2946 842 3002; x_wconf 91' lang='lat' dir='ltr'><strong>qna</strong></span> <span class='ocrx_word' id='word_1_188' title='bbox 855 2945 905 3002; x_wconf 95' lang='lat' dir='ltr'><strong>per</strong></span> <span class='ocrx_word' id='word_1_189' title='bbox 917 2939 1060 3001; x_wconf 87' lang='lat' dir='ltr'><strong>peccatum</strong></span> <span class='ocrx_word' id='word_1_190' title='bbox 1079 2928 1182 2986; x_wconf 88' lang='lat' dir='ltr'><strong>decidit</strong></span> <span class='ocrx_word' id='word_1_191' title='bbox 1198 2928 1353 3003; x_wconf 82' lang='lat' dir='ltr'><strong>dignitatem</strong></span> 
     </span>
     <span class='ocr_line' id='line_1_24' title="bbox 215 3020 657 3093; baseline 0.005 -19"><span class='ocrx_word' id='word_1_192' title='bbox 215 3020 321 3093; x_wconf 82' lang='lat' dir='ltr'><strong>erigere</strong></span> <span class='ocrx_word' id='word_1_193' title='bbox 339 3038 371 3077; x_wconf 92' lang='lat' dir='ltr'><strong>ac</strong></span> <span class='ocrx_word' id='word_1_194' title='bbox 390 3024 471 3093; x_wconf 90' lang='lat' dir='ltr'><strong>plane</strong></span> <span class='ocrx_word' id='word_1_195' title='bbox 493 3022 657 3078; x_wconf 90' lang='lat' dir='ltr'><strong>instaurare.</strong></span> 
     </span>
    </p>

    <p class='ocr_par' dir='ltr' id='par_1_8' title="bbox 210 3109 1354 4182">
     <span class='ocr_line' id='line_1_25' title="bbox 250 3109 1352 3186; baseline -0.003 -20"><span class='ocrx_word' id='word_1_196' title='bbox 250 3111 459 3182; x_wconf 90' lang='lat' dir='ltr'><strong>Inspicicndum</strong></span> <span class='ocrx_word' id='word_1_197' title='bbox 479 3113 620 3186; x_wconf 80' lang='lat' dir='ltr'><strong>igiturest</strong></span> <span class='ocrx_word' id='word_1_198' title='bbox 639 3128 694 3184; x_wconf 93' lang='lat' dir='ltr'><strong>quo</strong></span> <span class='ocrx_word' id='word_1_199' title='bbox 712 3119 793 3183; x_wconf 92' lang='lat' dir='ltr'><strong>pacto</strong></span> <span class='ocrx_word' id='word_1_200' title='bbox 804 3111 930 3167; x_wconf 88' lang='lat' dir='ltr'><strong>divinum</strong></span> <span class='ocrx_word' id='word_1_201' title='bbox 943 3111 1018 3167; x_wconf 90' lang='lat' dir='ltr'><strong>huno</strong></span> <span class='ocrx_word' id='word_1_202' title='bbox 1036 3110 1136 3177; x_wconf 88' lang='lat' dir='ltr'><strong>tinem,</strong></span> <span class='ocrx_word' id='word_1_203' title='bbox 1154 3109 1231 3166; x_wconf 90' lang='lat' dir='ltr'><strong>intus</strong></span> <span class='ocrx_word' id='word_1_204' title='bbox 1248 3123 1352 3180; x_wconf 90' lang='lat' dir='ltr'><strong>semper</strong></span> 
     </span>
     <span class='ocr_line' id='line_1_26' title="bbox 213 3198 1353 3274; baseline -0.003 -18"><span class='ocrx_word' id='word_1_205' title='bbox 213 3212 342 3258; x_wconf 86' lang='lat' dir='ltr'><strong>movente</strong></span> <span class='ocrx_word' id='word_1_206' title='bbox 359 3203 490 3269; x_wconf 84' lang='lat' dir='ltr'><strong>Domino,</strong></span> <span class='ocrx_word' id='word_1_207' title='bbox 510 3211 675 3274; x_wconf 88' lang='lat' dir='ltr'><strong>assequatur</strong></span> <span class='ocrx_word' id='word_1_208' title='bbox 687 3201 822 3270; x_wconf 89' lang='lat' dir='ltr'><strong>Ecclesia;</strong></span> <span class='ocrx_word' id='word_1_209' title='bbox 836 3205 884 3273; x_wconf 91' lang='lat' dir='ltr'><strong>qui</strong></span> <span class='ocrx_word' id='word_1_210' title='bbox 903 3202 1007 3258; x_wconf 85' lang='lat' dir='ltr'><strong>Christi</strong></span> <span class='ocrx_word' id='word_1_211' title='bbox 1025 3200 1225 3258; x_wconf 88' lang='lat' dir='ltr'><strong>revelationem</strong></span> <span class='ocrx_word' id='word_1_212' title='bbox 1238 3198 1353 3257; x_wconf 88' lang='lat' dir='ltr'><strong>homini-</strong></span> 
     </span>
     <span class='ocr_line' id='line_1_27' title="bbox 212 3291 1353 3367; baseline -0.002 -21"><span class='ocrx_word' id='word_1_213' title='bbox 212 3291 266 3346; x_wconf 90' lang='lat' dir='ltr'><strong>hus</strong></span> <span class='ocrx_word' id='word_1_214' title='bbox 281 3291 422 3363; x_wconf 87' lang='lat' dir='ltr'><strong>impertiat</strong></span> <span class='ocrx_word' id='word_1_215' title='bbox 434 3307 536 3364; x_wconf 90' lang='lat' dir='ltr'><strong>eosque</strong></span> <span class='ocrx_word' id='word_1_216' title='bbox 548 3310 598 3365; x_wconf 92' lang='lat' dir='ltr'><strong>per</strong></span> <span class='ocrx_word' id='word_1_217' title='bbox 610 3293 687 3347; x_wconf 90' lang='lat' dir='ltr'><strong>illam</strong></span> <span class='ocrx_word' id='word_1_218' title='bbox 702 3291 863 3351; x_wconf 81' lang='lat' dir='ltr'><strong>informatos</strong></span> <span class='ocrx_word' id='word_1_219' title='bbox 878 3302 954 3367; x_wconf 79' lang='lat' dir='ltr'><strong>regat</strong></span> <span class='ocrx_word' id='word_1_220' title='bbox 971 3308 1004 3348; x_wconf 90' lang='lat' dir='ltr'><strong>ac</strong></span> <span class='ocrx_word' id='word_1_221' title='bbox 1016 3291 1188 3359; x_wconf 92' lang='lat' dir='ltr'><strong>moderetur,</strong></span> <span class='ocrx_word' id='word_1_222' title='bbox 1206 3291 1353 3363; x_wconf 85' lang='lat' dir='ltr'><strong>prohibens</strong></span> 
     </span>
     <span class='ocr_line' id='line_1_28' title="bbox 213 3381 1354 3456; baseline 0.001 -19"><span class='ocrx_word' id='word_1_223' title='bbox 213 3396 295 3453; x_wconf 91' lang='lat' dir='ltr'><strong>porro</strong></span> <span class='ocrx_word' id='word_1_224' title='bbox 315 3397 351 3438; x_wconf 91' lang='lat' dir='ltr'><strong>ne</strong></span> <span class='ocrx_word' id='word_1_225' title='bbox 368 3382 469 3453; x_wconf 90' lang='lat' dir='ltr'><strong>aliquis</strong></span> <span class='ocrx_word' id='word_1_226' title='bbox 482 3399 560 3440; x_wconf 91' lang='lat' dir='ltr'><strong>error</strong></span> <span class='ocrx_word' id='word_1_227' title='bbox 573 3383 704 3455; x_wconf 88' lang='lat' dir='ltr'><strong>subrepat</strong></span> <span class='ocrx_word' id='word_1_228' title='bbox 720 3399 773 3454; x_wconf 93' lang='lat' dir='ltr'><strong>quo</strong></span> <span class='ocrx_word' id='word_1_229' title='bbox 784 3384 838 3456; x_wconf 93' lang='lat' dir='ltr'><strong>ipsi</strong></span> <span class='ocrx_word' id='word_1_230' title='bbox 852 3383 1000 3455; x_wconf 90' lang='lat' dir='ltr'><strong>aliquando</strong></span> <span class='ocrx_word' id='word_1_231' title='bbox 1015 3399 1031 3438; x_wconf 96' lang='lat' dir='ltr'><strong>a</strong></span> <span class='ocrx_word' id='word_1_232' title='bbox 1045 3392 1121 3439; x_wconf 89' lang='lat' dir='ltr'><strong>recto</strong></span> <span class='ocrx_word' id='word_1_233' title='bbox 1136 3382 1247 3438; x_wconf 87' lang='lat' dir='ltr'><strong>tramite</strong></span> <span class='ocrx_word' id='word_1_234' title='bbox 1258 3381 1354 3438; x_wconf 88' lang='lat' dir='ltr'><strong>dedec-</strong></span> 
     </span>
     <span class='ocr_line' id='line_1_29' title="bbox 212 3471 1354 3548; baseline 0 -21"><span class='ocrx_word' id='word_1_235' title='bbox 212 3480 282 3527; x_wconf 90' lang='lat' dir='ltr'><strong>tant.</strong></span> <span class='ocrx_word' id='word_1_236' title='bbox 303 3472 438 3540; x_wconf 87' lang='lat' dir='ltr'><strong>Quoniam</strong></span> <span class='ocrx_word' id='word_1_237' title='bbox 463 3482 557 3529; x_wconf 90' lang='lat' dir='ltr'><strong>autem</strong></span> <span class='ocrx_word' id='word_1_238' title='bbox 582 3473 687 3546; x_wconf 90' lang='lat' dir='ltr'><strong>duplici</strong></span> <span class='ocrx_word' id='word_1_239' title='bbox 706 3475 813 3531; x_wconf 88' lang='lat' dir='ltr'><strong>ratione</strong></span> <span class='ocrx_word' id='word_1_240' title='bbox 833 3490 879 3531; x_wconf 91' lang='lat' dir='ltr'><strong>res</strong></span> <span class='ocrx_word' id='word_1_241' title='bbox 904 3474 1073 3530; x_wconf 91' lang='lat' dir='ltr'><strong>considerari</strong></span> <span class='ocrx_word' id='word_1_242' title='bbox 1092 3482 1200 3548; x_wconf 90' lang='lat' dir='ltr'><strong>potest;</strong></span> <span class='ocrx_word' id='word_1_243' title='bbox 1218 3473 1262 3530; x_wconf 87' lang='lat' dir='ltr'><strong>vel</strong></span> <span class='ocrx_word' id='word_1_244' title='bbox 1284 3471 1354 3528; x_wconf 91' lang='lat' dir='ltr'><strong>enim</strong></span> 
     </span>
     <span class='ocr_line' id='line_1_30' title="bbox 212 3561 1352 3640; baseline 0.003 -23"><span class='ocrx_word' id='word_1_245' title='bbox 212 3561 337 3618; x_wconf 89' lang='lat' dir='ltr'><strong>Ecclesia</strong></span> <span class='ocrx_word' id='word_1_246' title='bbox 347 3562 524 3635; x_wconf 92' lang='lat' dir='ltr'><strong>potissimum</strong></span> <span class='ocrx_word' id='word_1_247' title='bbox 536 3574 675 3636; x_wconf 90' lang='lat' dir='ltr'><strong>tamquam</strong></span> <span class='ocrx_word' id='word_1_248' title='bbox 686 3566 804 3639; x_wconf 82' lang='lat' dir='ltr'><strong>benigna</strong></span> <span class='ocrx_word' id='word_1_249' title='bbox 815 3573 903 3621; x_wconf 91' lang='lat' dir='ltr'><strong>mater</strong></span> <span class='ocrx_word' id='word_1_250' title='bbox 912 3565 1082 3637; x_wconf 87' lang='lat' dir='ltr'><strong>conspicitur</strong></span> <span class='ocrx_word' id='word_1_251' title='bbox 1092 3581 1153 3637; x_wconf 91' lang='lat' dir='ltr'><strong>quae</strong></span> <span class='ocrx_word' id='word_1_252' title='bbox 1162 3565 1235 3621; x_wconf 87' lang='lat' dir='ltr'><strong>lilios</strong></span> <span class='ocrx_word' id='word_1_253' title='bbox 1247 3565 1352 3640; x_wconf 79' lang='lat' dir='ltr'><strong>gignat,</strong></span> 
     </span>
     <span class='ocr_line' id='line_1_31' title="bbox 213 3653 1353 3727; baseline 0.001 -19"><span class='ocrx_word' id='word_1_254' title='bbox 213 3653 334 3709; x_wconf 90' lang='lat' dir='ltr'><strong>enutriat</strong></span> <span class='ocrx_word' id='word_1_255' title='bbox 347 3653 514 3725; x_wconf 91' lang='lat' dir='ltr'><strong>eosdemque</strong></span> <span class='ocrx_word' id='word_1_256' title='bbox 528 3664 638 3727; x_wconf 88' lang='lat' dir='ltr'><strong>pacatos</strong></span> <span class='ocrx_word' id='word_1_257' title='bbox 651 3671 683 3710; x_wconf 93' lang='lat' dir='ltr'><strong>ac</strong></span> <span class='ocrx_word' id='word_1_258' title='bbox 700 3657 809 3727; x_wconf 90' lang='lat' dir='ltr'><strong>quietos</strong></span> <span class='ocrx_word' id='word_1_259' title='bbox 822 3656 994 3724; x_wconf 89' lang='lat' dir='ltr'><strong>moderetur;</strong></span> <span class='ocrx_word' id='word_1_260' title='bbox 1013 3657 1058 3712; x_wconf 88' lang='lat' dir='ltr'><strong>vel</strong></span> <span class='ocrx_word' id='word_1_261' title='bbox 1074 3671 1155 3711; x_wconf 93' lang='lat' dir='ltr'><strong>casus</strong></span> <span class='ocrx_word' id='word_1_262' title='bbox 1174 3656 1287 3727; x_wconf 93' lang='lat' dir='ltr'><strong>ponitur</strong></span> <span class='ocrx_word' id='word_1_263' title='bbox 1302 3667 1353 3725; x_wconf 94' lang='lat' dir='ltr'><strong>quo</strong></span> 
     </span>
     <span class='ocr_line' id='line_1_32' title="bbox 212 3744 1353 3818; baseline 0.003 -22"><span class='ocrx_word' id='word_1_264' title='bbox 212 3744 321 3814; x_wconf 83' lang='lat' dir='ltr'><strong>gravior</strong></span> <span class='ocrx_word' id='word_1_265' title='bbox 337 3745 462 3816; x_wconf 90' lang='lat' dir='ltr'><strong>quaedam</strong></span> <span class='ocrx_word' id='word_1_266' title='bbox 473 3746 614 3802; x_wconf 86' lang='lat' dir='ltr'><strong>oboriatur</strong></span> <span class='ocrx_word' id='word_1_267' title='bbox 628 3747 816 3803; x_wconf 90' lang='lat' dir='ltr'><strong>controversia</strong></span> <span class='ocrx_word' id='word_1_268' title='bbox 829 3745 949 3803; x_wconf 86' lang='lat' dir='ltr'><strong>filiorum</strong></span> <span class='ocrx_word' id='word_1_269' title='bbox 963 3747 1026 3803; x_wconf 87' lang='lat' dir='ltr'><strong>fidei</strong></span> <span class='ocrx_word' id='word_1_270' title='bbox 1040 3763 1072 3802; x_wconf 87' lang='lat' dir='ltr'><strong>ac</strong></span> <span class='ocrx_word' id='word_1_271' title='bbox 1084 3747 1148 3803; x_wconf 90' lang='lat' dir='ltr'><strong>vitae</strong></span> <span class='ocrx_word' id='word_1_272' title='bbox 1160 3744 1353 3818; x_wconf 90' lang='lat' dir='ltr'><strong>perturbandis</strong></span> 
     </span>
     <span class='ocr_line' id='line_1_33' title="bbox 212 3830 1350 3909; baseline 0.004 -24"><span class='ocrx_word' id='word_1_273' title='bbox 212 3830 379 3888; x_wconf 86' lang='lat' dir='ltr'><strong>laedendisve</strong></span> <span class='ocrx_word' id='word_1_274' title='bbox 392 3844 470 3905; x_wconf 90' lang='lat' dir='ltr'><strong>apta,</strong></span> <span class='ocrx_word' id='word_1_275' title='bbox 490 3845 518 3892; x_wconf 91' lang='lat' dir='ltr'><strong>et</strong></span> <span class='ocrx_word' id='word_1_276' title='bbox 530 3845 597 3892; x_wconf 94' lang='lat' dir='ltr'><strong>tunc</strong></span> <span class='ocrx_word' id='word_1_277' title='bbox 612 3837 736 3893; x_wconf 93' lang='lat' dir='ltr'><strong>Ecclesia</strong></span> <span class='ocrx_word' id='word_1_278' title='bbox 750 3845 852 3893; x_wconf 92' lang='lat' dir='ltr'><strong>motam</strong></span> <span class='ocrx_word' id='word_1_279' title='bbox 871 3838 1053 3909; x_wconf 89' lang='lat' dir='ltr'><strong>quaestionem</strong></span> <span class='ocrx_word' id='word_1_280' title='bbox 1070 3837 1176 3909; x_wconf 85' lang='lat' dir='ltr'><strong>judicat</strong></span> <span class='ocrx_word' id='word_1_281' title='bbox 1189 3852 1222 3893; x_wconf 91' lang='lat' dir='ltr'><strong>ac</strong></span> <span class='ocrx_word' id='word_1_282' title='bbox 1234 3835 1350 3899; x_wconf 93' lang='lat' dir='ltr'><strong>dirimit,</strong></span> 
     </span>
     <span class='ocr_line' id='line_1_34' title="bbox 212 3920 1350 4001; baseline 0.002 -25"><span class='ocrx_word' id='word_1_283' title='bbox 212 3920 365 3978; x_wconf 88' lang='lat' dir='ltr'><strong>decernens</strong></span> <span class='ocrx_word' id='word_1_284' title='bbox 378 3940 439 3996; x_wconf 93' lang='lat' dir='ltr'><strong>quae</strong></span> <span class='ocrx_word' id='word_1_285' title='bbox 452 3942 535 3991; x_wconf 92' lang='lat' dir='ltr'><strong>vera,</strong></span> <span class='ocrx_word' id='word_1_286' title='bbox 550 3944 611 3999; x_wconf 82' lang='lat' dir='ltr'><strong>quae</strong></span> <span class='ocrx_word' id='word_1_287' title='bbox 624 3926 692 3983; x_wconf 88' lang='lat' dir='ltr'><strong>laisa</strong></span> <span class='ocrx_word' id='word_1_288' title='bbox 706 3928 743 3983; x_wconf 90' lang='lat' dir='ltr'><strong>sit</strong></span> <span class='ocrx_word' id='word_1_289' title='bbox 761 3928 896 3984; x_wconf 90' lang='lat' dir='ltr'><strong>doctrina.</strong></span> <span class='ocrx_word' id='word_1_290' title='bbox 909 3928 1045 3996; x_wconf 87' lang='lat' dir='ltr'><strong>Quoniam</strong></span> <span class='ocrx_word' id='word_1_291' title='bbox 1059 3928 1143 4001; x_wconf 82' lang='lat' dir='ltr'><strong>igitur</strong></span> <span class='ocrx_word' id='word_1_292' title='bbox 1155 3926 1258 3999; x_wconf 85' lang='lat' dir='ltr'><strong>duplex</strong></span> <span class='ocrx_word' id='word_1_293' title='bbox 1269 3924 1350 3982; x_wconf 86' lang='lat' dir='ltr'><strong>veluti</strong></span> 
     </span>
     <span class='ocr_line' id='line_1_35' title="bbox 212 4011 1350 4091; baseline 0.003 -24"><span class='ocrx_word' id='word_1_294' title='bbox 212 4011 344 4068; x_wconf 90' lang='lat' dir='ltr'><strong>Ecclesiae</strong></span> <span class='ocrx_word' id='word_1_295' title='bbox 363 4022 452 4072; x_wconf 79' lang='lat' dir='ltr'><strong>status</strong></span> <span class='ocrx_word' id='word_1_296' title='bbox 467 4017 601 4091; x_wconf 82' lang='lat' dir='ltr'><strong>distingui</strong></span> <span class='ocrx_word' id='word_1_297' title='bbox 619 4026 725 4090; x_wconf 88' lang='lat' dir='ltr'><strong>potest,</strong></span> <span class='ocrx_word' id='word_1_298' title='bbox 739 4018 809 4074; x_wconf 89' lang='lat' dir='ltr'><strong>alter</strong></span> <span class='ocrx_word' id='word_1_299' title='bbox 822 4018 936 4090; x_wconf 89' lang='lat' dir='ltr'><strong>placidae</strong></span> <span class='ocrx_word' id='word_1_300' title='bbox 949 4017 1146 4085; x_wconf 89' lang='lat' dir='ltr'><strong>institutionis,</strong></span> <span class='ocrx_word' id='word_1_301' title='bbox 1161 4016 1350 4074; x_wconf 82' lang='lat' dir='ltr'><strong>controversiae</strong></span> 
     </span>
     <span class='ocr_line' id='line_1_36' title="bbox 210 4103 1349 4182; baseline 0.004 -24"><span class='ocrx_word' id='word_1_302' title='bbox 210 4103 395 4178; x_wconf 75' lang='lat' dir='ltr'><strong>transigenda</strong></span> <span class='ocrx_word' id='word_1_303' title='bbox 407 4104 492 4174; x_wconf 90' lang='lat' dir='ltr'><strong>alter,</strong></span> <span class='ocrx_word' id='word_1_304' title='bbox 508 4109 537 4164; x_wconf 93' lang='lat' dir='ltr'><strong>in</strong></span> <span class='ocrx_word' id='word_1_305' title='bbox 550 4109 652 4181; x_wconf 89' lang='lat' dir='ltr'><strong>duplex</strong></span> <span class='ocrx_word' id='word_1_306' title='bbox 665 4125 774 4181; x_wconf 91' lang='lat' dir='ltr'><strong>quoque</strong></span> <span class='ocrx_word' id='word_1_307' title='bbox 792 4110 947 4165; x_wconf 87' lang='lat' dir='ltr'><strong>membrum</strong></span> <span class='ocrx_word' id='word_1_308' title='bbox 960 4125 1081 4182; x_wconf 87' lang='lat' dir='ltr'><strong>praesens</strong></span> <span class='ocrx_word' id='word_1_309' title='bbox 1094 4117 1176 4181; x_wconf 92' lang='lat' dir='ltr'><strong>capnt</strong></span> <span class='ocrx_word' id='word_1_310' title='bbox 1187 4108 1349 4172; x_wconf 85' lang='lat' dir='ltr'><strong>tribuimus;</strong></span> 
     </span>
    </p>
   </div>
   <div class='ocr_carea' id='block_1_7' title="bbox 211 4193 1348 4339">
    <p class='ocr_par' dir='ltr' id='par_1_9' title="bbox 211 4193 1348 4339">
     <span class='ocr_line' id='line_1_37' title="bbox 212 4193 1348 4270; baseline 0.004 -21"><span class='ocrx_word' id='word_1_311' title='bbox 212 4193 251 4249; x_wconf 91' lang='lat' dir='ltr'><strong>ita</strong></span> <span class='ocrx_word' id='word_1_312' title='bbox 271 4203 302 4252; x_wconf 92' lang='lat' dir='ltr'><strong>nt</strong></span> <span class='ocrx_word' id='word_1_313' title='bbox 320 4196 410 4270; x_wconf 92' lang='lat' dir='ltr'><strong>primo</strong></span> <span class='ocrx_word' id='word_1_314' title='bbox 429 4196 508 4253; x_wconf 90' lang='lat' dir='ltr'><strong>illum</strong></span> <span class='ocrx_word' id='word_1_315' title='bbox 526 4198 657 4257; x_wconf 87' lang='lat' dir='ltr'><strong>Ecclesiae</strong></span> <span class='ocrx_word' id='word_1_316' title='bbox 670 4208 789 4268; x_wconf 76' lang='lat' dir='ltr'><strong>emtum,</strong></span> <span class='ocrx_word' id='word_1_317' title='bbox 803 4199 904 4258; x_wconf 89' lang='lat' dir='ltr'><strong>deinde</strong></span> <span class='ocrx_word' id='word_1_318' title='bbox 920 4216 985 4258; x_wconf 86' lang='lat' dir='ltr'><strong>vero</strong></span> <span class='ocrx_word' id='word_1_319' title='bbox 1001 4201 1076 4258; x_wconf 89' lang='lat' dir='ltr'><strong>hunc</strong></span> <span class='ocrx_word' id='word_1_320' title='bbox 1089 4199 1177 4258; x_wconf 89' lang='lat' dir='ltr'><strong>simus</strong></span> <span class='ocrx_word' id='word_1_321' title='bbox 1195 4197 1348 4258; x_wconf 89' lang='lat' dir='ltr'><strong>considera·</strong></span> 
     </span>
     <span class='ocr_line' id='line_1_38' title="bbox 211 4284 277 4339; baseline 0.015 -1"><span class='ocrx_word' id='word_1_322' title='bbox 211 4284 277 4339; x_wconf 85' lang='lat' dir='ltr'><strong>turi.</strong></span> 
     </span>
    </p>
   </div>
   <div class='ocr_carea' id='block_1_8' title="bbox 0 0 1580 5160">
    <p class='ocr_par' dir='ltr' id='par_1_10' title="bbox 0 0 1580 5160">
     <span class='ocr_line' id='line_1_39' title="bbox 0 0 1580 5160; baseline 0 0"><span class='ocrx_word' id='word_1_323' title='bbox 0 0 1580 5160; x_wconf 95' lang='lat' dir='ltr'><strong> </strong></span> 
     </span>
    </p>
   </div>
  </div>
 </body>
</html>
