3150 5160
314 367 339 411 s.
357 365 558 423 incusamus,
576 363 770 409 nrrronsnsrs
784 363 951 409 nrtscorus.
1166 353 1203 409 77

72 518 108 572 cit
128 529 183 570 nou
205 513 414 583 obtemperarem
435 511 586 567 dicentibus
606 511 675 566 mibi
698 528 706 565 :
727 512 784 567 noli
810 512 915 567 eredat
936 509 1103 567 Munichuo?
1131 510 1207 586 Elige

72 604 142 676 quod
155 604 233 660 velis.
248 601 277 658 Si
292 602 410 666 dixeris,
425 601 507 657 crede
519 599 690 657 Catholicis:
706 600 759 671 ipsi
775 616 819 657 me
833 611 944 657 monent
958 609 988 656 ut
1005 600 1110 656 nnllam
1125 601 1207 658 fidem

72 694 272 751 accommodem
285 693 379 759 vohis3
393 700 560 763 quapropter
573 705 628 745 non
642 705 768 761 possum,
787 690 843 746 illis
859 691 990 757 credens,
1007 690 1060 746 nisi
1081 692 1131 747 tihi
1151 708 1206 748 non

73 785 191 841 eredere.
210 782 239 839 Si
255 783 379 839 dixeris:
400 782 455 837 noli
475 780 620 836 catholicis
638 780 762 847 credere;
782 797 837 837 non
855 790 930 837 recte
947 781 1030 839 lacios
1050 798 1099 854 per
1118 784 1207 840 Evan-

72 876 173 948 gelinm
195 889 240 930 me
260 889 358 948 cogere
379 872 414 927 ad
436 871 579 928 Manichaei
601 871 702 937 iidem,
725 870 789 943 quia
816 871 869 943 ipsi
892 871 1038 946 Evangelio
1063 872 1207 928 catholicis

75 965 288 1035 praedicantibus
310 961 424 1019 credidi.
438 961 465 1017 Si
479 970 570 1017 autem
585 960 689 1017 dixeris
708 977 715 1015 :
732 971 807 1017 reete
819 961 964 1018 credidisti
980 961 1124 1018 catholicis
1135 962 1206 1017 ‘lau-

72 1055 201 1111 dantibus
219 1053 412 1127 Erangelium‚
427 1052 475 1109 sed
494 1068 548 1108 non
564 1061 639 1108 recte
652 1052 708 1108 illis
724 1051 867 1108 credidisti
881 1051 1103 1122 vituperantibus
1120 1050 1207 1107 Mani-

72 1145 191 1211 chaum;
216 1144 390 1216 usqueadeo
412 1158 457 1198 me
478 1143 595 1199 stultum
614 1151 708 1214 putas,
729 1151 760 1197 ut
781 1143 856 1197 nulla
877 1141 984 1198 reddita
1003 1143 1110 1198 mtione
1133 1142 1207 1214 qnod

73 1234 114 1291 ris
126 1234 252 1301 credam,
265 1233 338 1304 quod
355 1249 410 1290 non
422 1234 466 1288 ris
482 1247 537 1288 non
552 1230 682 1288 credam?
695 1232 778 1288 llulto
796 1231 871 1287 enim
886 1232 990 1304 Iustius
1002 1241 1084 1304 atque
1099 1234 1207 1289 cautius

74 1324 155 1390 lucio,
169 1324 194 1381 si
207 1322 350 1380 catholicis
363 1323 493 1394 quoniam
506 1322 592 1380 semel
605 1321 725 1388 credidi,
738 1321 771 1378 ad
786 1330 813 1377 te
829 1337 883 1377 non
898 1331 1008 1377 transeo
1024 1320 1084 1396 (l).
1099 1341 1113 1374 u

108 1414 189 1471 Varia
206 1424 300 1470 autem
323 1414 429 1471 ratione
448 1413 537 1486 pergit
558 1411 694 1469 versando
716 1410 937 1482 illustrandoque
957 1411 1026 1466 illud
1045 1411 1173 1479 effatum,
1191 1428 1208 1468 a

73 1521 126 1577 quo
145 1503 231 1561 veluti
249 1520 264 1559 a
283 1504 420 1576 principio
439 1502 578 1575 proiectus
600 1512 657 1568 est,
677 1518 708 1558 se
727 1518 782 1557 non
799 1502 968 1558 crediturum
988 1503 1137 1574 Evangelio
1153 1504 1208 1562 nisi

72 1603 258 1649 commoveret
280 1593 410 1648 Ecclesiae
432 1591 597 1656 auctoritas;
616 1589 684 1646 illud
708 1606 773 1647 vero
795 1589 829 1645 ad
858 1589 1015 1647 nniversam
1038 1591 1209 1664 Scriptorum

72 1682 335 1739 accommodandum
354 1682 415 1753 ipse
436 1680 541 1737 edocet.
557 1680 603 1736 Sic
624 1696 743 1753 namque
764 1682 962 1753 prosequitur:
981 1703 995 1734 u
1011 1682 1064 1739 Sed
1086 1684 1159 1740 ahsit
1179 1695 1210 1740 ut

73 1789 124 1847 ego
137 1774 285 1847 Evangelio
297 1789 352 1830 non
366 1771 485 1828 credam.
500 1769 543 1825 llli
557 1771 630 1827 enim
644 1772 775 1840 eredens,
789 1787 844 1828 non
861 1772 972 1828 invenio
990 1774 1125 1844 quomodo
1144 1790 1209 1845 pos·

73 1865 126 1921 sim
150 1864 233 1920 etiam
252 1864 302 1920 tihi
320 1862 441 1920 credere.
464 1861 657 1933 Apostolorum
679 1865 752 1920 enim
769 1863 897 1931 nomina,
919 1879 982 1935 qnae
1005 1863 1043 1919 ihi
1066 1863 1209 1937 leguntur,

74 1971 129 2011 non
157 1954 229 2011 inter
252 1969 284 2010 se
304 1954 446 2010 continent
471 1968 571 2010 nomen
596 1953 747 2010 hlanichaei.
772 1955 802 2010 ln
829 1956 921 2010 locum
946 1961 1041 2009 antem
1067 1952 1209 2009 traditoris

74 2042 177 2100 Christi
201 2044 264 2115 quis
289 2045 472 2109 successerit,
498 2045 527 2100 ia
550 2043 745 2116 Apostolorum
766 2045 876 2100 actibus
898 2043 1017 2117 legimus
1039 2058 1047 2098 :
1069 2045 1115 2099 eui
1140 2044 1211 2100 libro

73 2151 175 2190 neceam
187 2141 224 2190 est
237 2151 279 2189 me
295 2135 412 2199 cremre,
426 2136 452 2189 ci
463 2135 541 2190 credo
557 2134 723 2205 Evangelio,
737 2135 868 2205 quonium
879 2141 1023 2204 utrumque
1035 2132 1210 2204 Scriptorum

73 2228 202 2281 similiter
226 2226 296 2280 milri
317 2225 448 2280 catholico
469 2225 635 2280 commendat
658 2227 808 2280 auctoritas
834 2222 893 2297 (2).
918 2244 932 2277 n
960 2224 1097 2295 Deinceps
1128 2240 1211 2296 porro

74 2315 236 2389 singulatim
254 2314 380 2370 relellere
398 2315 609 2370 Manichaeorum
626 2325 781 2372 commenta
801 2315 914 2382 nititur,
936 2331 998 2388 qnae
1017 2316 1110 2372 omma
1133 2325 1210 2372 extra

73 2415 267 2480 argumentum
286 2407 359 2477 quod
378 2405 486 2479 agimus
504 2415 647 2479 vagantur.

112 2497 147 2554 At
165 2513 199 2553 ex
218 2499 352 2554 haetenus
365 2498 456 2553 allatis
472 2497 577 2568 liquido
596 2504 703 2553 constat
717 2510 778 2567 quae
798 2495 835 2550 sit
850 2494 997 2570 Augustini
1017 2495 1154 2552 sententia
1173 2495 1208 2550 dc

72 2589 119 2645 via
132 2603 164 2642 ac
177 2588 285 2644 ratione
297 2603 351 2659 qna
370 2587 473 2643 Christi
487 2588 583 2660 religio
601 2587 671 2642 tradi
687 2595 714 2641 et
731 2586 888 2641 conservari
901 2586 1007 2642 debeat.
1024 2585 1165 2642 Concinne
1176 2600 1208 2641 ac

73 2677 221 2751 perspicue
233 2677 329 2733 edocet
344 2677 472 2733 universa
491 2694 552 2749 quae
571 2677 712 2751 religionis
728 2686 793 2732 sunt
811 2677 869 2748 pari
882 2675 1055 2732 observantia
1072 2691 1088 2730 a
1108 2675 1209 2747 magis·

73 2767 146 2823 torio
159 2766 207 2821 illo
226 2766 299 2838 quod
318 2767 392 2822 Deus
412 2766 533 2822 instituit
548 2783 598 2823 seu
611 2768 645 2823 ab
659 2767 780 2823 Ecclesia
797 2767 930 2822 catholica
949 2765 1107 2836 accipienda
1126 2780 1207 2821 esse:

75 2877 89 2908 c
106 2854 210 2920 Quibus
222 2870 299 2929 crgo,
315 2855 369 2917 cit,
382 2855 564 2925 obtemperavi
579 2857 743 2922 diemalibus,
760 2857 835 2909 crede
847 2855 996 2924 Evangelio
1003 2875 1012 2920 ,-
1031 2871 1081 2910 cur
1099 2858 1137 2911 eis
1154 2871 1211 2910 nou

72 2947 283 3016 obtemperarem
295 2946 444 3001 dicentibus
456 2948 538 3010 mibi,
554 2947 612 3002 noli
625 2945 941 3002 oedaetlautctoeost»
956 2945 987 2999 ln
1001 2945 1053 3001 hoe
1065 2960 1120 3001 uno
1134 2960 1210 3001 com-

74 3045 149 3093 mate
163 3045 291 3107 pemcute
304 3035 425 3108 prolecto
443 3052 475 3092 ac
494 3036 616 3108 perbelle
631 3036 804 3092 contrahitur
823 3044 879 3090 tota
896 3034 1079 3091 institutionis
1098 3043 1126 3091 et
1143 3050 1210 3091 auc-

74 3127 197 3185 toritatis
217 3127 364 3183 methodus
384 3143 391 3182 :
415 3127 479 3197 quid
500 3127 574 3183 enim
596 3126 672 3182 alind
696 3126 741 3181 hic
762 3125 858 3196 pandit
873 3125 1045 3200 Augustinus
1068 3125 1123 3181 nisi
1141 3125 1211 3181 illud

73 3219 148 3292 quod
158 3228 269 3275 tuemur
278 3217 458 3290 principium,
467 3218 502 3272 ah
515 3217 644 3273 Ecclesiae
657 3216 820 3273 auctoritate
831 3217 924 3272 omnia
935 3216 1093 3288 accipienda
1106 3216 1211 3272 eidem-

73 3327 129 3384 que
147 3310 175 3366 in
192 3310 321 3366 omnihus
340 3305 602 3380 obtemperandum?
615 3307 692 3376 Quod
709 3316 800 3362 autem
818 3306 851 3362 ad
868 3302 1038 3379 Scriptorum
1057 3305 1211 3378 praesertim

74 3408 196 3472 spectat,
212 3408 319 3455 tantum
332 3401 410 3456 abest
424 3408 454 3455 ut
466 3414 527 3455 eam
542 3408 680 3470 tamquam
697 3397 787 3454 solum
805 3397 908 3455 iontem
926 3406 954 3453 et
967 3397 1078 3453 unicam
1096 3397 1211 3452 creden-

73 3568 155 3622 quere
166 3552 320 3605 studuerunt
333 3553 395 3619 (cn.
408 3551 513 3604 Luther.
527 3569 583 3617 opp.
595 3559 614 3603 t.
632 3552 656 3614 l,
675 3568 701 3620 p.
718 3555 766 3602 aas
776 3564 783 3611 ;
793 3550 891 3602 Calvia.
908 3553 989 3603 instit·
1007 3553 1100 3603 Christ.
1115 3551 1140 3612 1,
1153 3556 1177 3600 7.
1187 3552 1208 3617 ),

72 3645 100 3688 at
119 3635 247 3686 ineassum
266 3651 383 3702 prorsum
406 3635 577 3686 manifestiora
596 3635 666 3685 enim
683 3642 744 3686 sunt
759 3649 836 3700 quam
854 3642 884 3686 ut
899 3649 988 3684 sensus
1005 3633 1051 3700 qui
1068 3631 1131 3700 ipsis
1147 3632 1214 3684 inest

73 3716 129 3770 ulla
145 3715 244 3766 ratione
259 3715 353 3766 dubius
368 3715 434 3767 elfici
449 3724 534 3784 queat.
546 3717 599 3784 Ego
609 3733 682 3779 vcro,
692 3725 723 3769 ut
737 3717 819 3768 dicam
830 3715 898 3784 quod
909 3715 1004 3776 sentio,
1017 3713 1084 3766 houd
1099 3712 1213 3781 intelligo

73 3814 121 3850 our
133 3797 161 3848 in
173 3795 213 3848 his
224 3795 309 3848 rerhis
322 3797 413 3849 misere
426 3797 575 3866 torquendis
587 3806 717 3867 tantopere
728 3798 908 3851 desudaverint
918 3796 1069 3856 adversarii;
1081 3812 1132 3847 non
1144 3795 1213 3847 enim

73 3881 117 3933 hic
128 3879 223 3941 solum,
237 3877 281 3930 sed
293 3878 390 3947 ubique
406 3879 563 3948 principium
574 3880 642 3948 quod
657 3878 940 3948 pseudo-relormationi
957 3876 1116 3929 fundamenti
1132 3876 1213 3927 instar

73 3978 183 4034 posuere
199 3959 305 4015 damnat
318 3962 484 4029 Augustinus.
497 3961 563 4024 Quin
580 3962 670 4022 etism,
688 3970 718 4014 ut
728 3971 787 4014 ante
801 3959 926 4022 vidimus,
939 3962 1025 4012 Patres
1039 3975 1126 4011 omnes
1140 3973 1214 4024 regu-

72 4045 127 4098 lam
142 4062 230 4098 eorum
248 4044 353 4114 penitus
369 4044 489 4112 rejiciunt
502 4061 508 4095 ι
521 4044 628 4113 proinde
642 4060 693 4095 non
710 4044 780 4096 hunc
797 4043 870 4095 modo
886 4044 984 4101 locum,
1000 4040 1041 4093 sed
1060 4050 1085 4094 et
1101 4037 1215 4106 singulos

73 4131 128 4180 iere
143 4129 247 4179 l‘atrnm
258 4126 373 4179 omnium
385 4128 491 4196 paginas
502 4128 614 4180 lacerare
625 4126 780 4179 debuissent.

109 4211 153 4274 (ι)
168 4211 197 4259 ιι.
211 4213 235 4261 o.

110 4296 158 4358 (a)
176 4293 204 4342 tt.
218 4297 241 4343 o.
