3150 5160
214 353 273 414 158
369 369 483 412 tudun.
506 367 665 410 saecunda.
688 365 899 410 CONFIRMATUR
922 366 1008 408 CATH.
1031 365 1198 411 merflobus.

247 515 338 583 Quum
358 514 442 588 igitur
460 529 493 570 ex
511 513 597 585 priori
619 521 695 584 parte
715 520 826 568 constet
843 510 1005 578 achristo,
1024 512 1074 567 Dci
1094 511 1181 578 Filio,
1202 511 1356 569 institutam

211 606 297 662 luisse
309 605 502 660 auctoritatem
515 619 577 673 quae
593 601 721 658 homines
738 616 845 672 eaquae
863 600 1007 675 religionis
1027 610 1092 657 sunt
1110 600 1238 658 edoceret
1257 617 1358 673 cosque

210 705 329 770 regeret,
348 713 366 750 o
380 696 472 764 priori
487 692 634 751 conficitur
649 701 757 749 tanturn
775 691 922 748 abessent
940 691 1071 748 Ecclesiae
1086 693 1237 749 auctoritas
1254 694 1289 749 ab
1308 695 1358 749 hu-

210 803 300 842 manae
321 796 427 841 naturae
449 783 557 858 legibus
579 783 744 848 abhorreat,
768 789 918 837 utcontra
944 781 1044 838 iisdem
1068 798 1101 839 cx
1127 792 1358 842 totoconsonare

210 875 326 932 dicenda
345 875 391 931 sit.

237 966 340 1022 Verum
354 965 398 1020 bis
411 964 440 1019 in
453 972 629 1020 antecessum
642 962 771 1030 monitis,
782 963 817 1018 ad
830 978 877 1019 eas
891 962 966 1035 ipsas
980 961 1055 1035 leges
1067 961 1195 1019 cominus
1210 963 1358 1037 inspicien-

209 1055 259 1112 das
272 1054 446 1110 accedamus.

252 1145 369 1202 Naturae
386 1146 461 1220 leges
485 1143 606 1200 exterius
629 1144 787 1214 produntur
812 1143 1046 1217 potissimumque
1069 1154 1259 1218 agnoscuntur
1282 1146 1357 1203 sactis

211 1234 430 1301 universalibus,
445 1249 561 1307 quaeque
577 1250 688 1306 semper
706 1234 802 1290 eadcm
822 1244 992 1307 appareant:
1008 1236 1049 1302 id,
1070 1236 1099 1290 ni
1120 1234 1215 1304 fallor,
1230 1253 1313 1294 nemo
1331 1238 1357 1293 iu

211 1325 326 1382 dubium
346 1325 494 1381 vocaverit.
518 1325 576 1381 lloc
597 1325 671 1380 enirn
693 1333 773 1397 pacto
792 1325 827 1382 de
846 1326 943 1382 mundi
967 1326 1073 1400 physici
1096 1327 1204 1400 legibus
1224 1327 1358 1399 judicium

212 1415 286 1472 lerre
302 1416 394 1471 solent
410 1413 620 1487 disciplinarum
640 1415 818 1489 physicarum
838 1415 937 1488 periti;
956 1423 1053 1487 atquc,
1068 1416 1115 1472 ubi
1135 1416 1272 1487 ejusmodi
1292 1417 1358 1474 sacta

212 1513 376 1573 occurrunt,
392 1507 486 1562 nullus
499 1506 583 1563 dubio
599 1505 678 1562 locus
692 1520 841 1578 superesse
856 1506 989 1563 creditur.
1004 1505 1083 1574 Quod
1097 1516 1190 1563 autem
1207 1507 1242 1563 de
1260 1508 1357 1564 mundo

212 1596 327 1669 physico
346 1597 500 1652 decernunt
517 1613 627 1664 omnes,
641 1613 692 1653 cur
709 1612 765 1652 non
783 1597 858 1653 idem
877 1597 911 1653 de
929 1596 1033 1652 mundo
1052 1597 1190 1668 spirituali
1211 1598 1358 1655 constitue-

213 1684 307 1742 retur‘l
320 1687 456 1758 Utrinque
474 1689 549 1743 enim
565 1703 659 1759 parem
677 1687 813 1744 rationem
832 1687 928 1743 haberi
946 1686 1124 1742 manifestum
1143 1696 1194 1743 est.

249 1777 345 1849 ltaque
358 1778 430 1849 quod
444 1795 568 1850 semper,
583 1779 657 1850 quod
670 1778 787 1851 ubique,
801 1778 874 1850 quod
887 1776 984 1834 codem
1001 1775 1083 1832 modo
1095 1774 1140 1844 dt,
1154 1777 1181 1832 id
1195 1776 1242 1832 lex
1256 1784 1358 1836 naturae

213 1867 368 1938 putandum
389 1879 442 1924 cst.

250 1955 310 2023 Quo
329 1959 494 2026 constituto,
510 1975 571 2030 quae
583 1959 694 2015 tandem
713 1959 751 2015 sit
769 1967 876 2015 naturae
894 1960 940 2015 lex
958 1959 988 2014 in
1008 1974 1041 2016 co
1059 1956 1133 2032 quod
1152 1957 1263 2033 agimus
1282 1973 1357 2032 argu·

213 2057 306 2105 mento
319 2049 397 2105 brevi
410 2049 534 2106 oratione
546 2049 681 2106 declarari
695 2059 797 2121 potest.

249 2138 330 2194 Enim
347 2155 413 2196 vero
432 2140 456 2196 si
473 2140 517 2196 vol
537 2140 632 2196 oculos
650 2139 790 2211 conjicere
808 2139 931 2197 volueris
951 2140 982 2194 in
1001 2153 1034 2195 ea
1055 2156 1117 2212 quae
1138 2148 1273 2213 perpetuo
1292 2139 1359 2196 inter

214 2228 342 2285 homines
363 2230 423 2285 fieri
444 2239 613 2297 cernuntur,
634 2247 678 2287 res
699 2231 750 2286 tibi
775 2231 851 2288 illico
876 2241 953 2288 extra
975 2229 1093 2288 dubium
1113 2228 1271 2287 habebitur.
1293 2230 1358 2299 Quid

216 2316 320 2391 igitur?
337 2319 424 2376 Homo
443 2320 469 2376 is
486 2336 549 2376 esse
569 2321 741 2392 conspicitur
758 2322 806 2393 qui
826 2323 856 2376 in
873 2323 991 2378 aliorum
1011 2324 1056 2377 sui
1073 2322 1207 2379 similium
1224 2322 1358 2379 consortio

215 2409 300 2467 vitam
322 2419 385 2484 agat
406 2412 440 2467 ab
460 2411 550 2483 iisque
572 2411 734 2468 instituatur
752 2427 784 2467 ac
803 2412 962 2468 edoceatur.
982 2411 1025 2467 En
1044 2410 1149 2468 iactum
1168 2412 1242 2484 quod
1261 2413 1358 2484 ubique

215 2512 372 2574 temporum
386 2511 414 2558 et
429 2503 552 2559 locorum
566 2502 640 2558 idem
659 2517 769 2573 semper
782 2511 905 2575 apparet.

252 2591 304 2649 Ubi
321 2592 350 2646 in
367 2593 458 2648 lucem
471 2592 563 2647 editur
575 2592 702 2660 bomo,a
718 2592 880 2665 parentibus
897 2591 1007 2657 aliisve,
1023 2591 1071 2663 qui
1090 2592 1191 2649 borum
1207 2592 1284 2649 riccs
1296 2608 1360 2663 quo·

216 2682 291 2753 piam
307 2691 388 2754 pacto
409 2691 518 2756 gerant,
541 2682 705 2755 suscipitur,
726 2683 850 2738 nutritur
871 2693 900 2739 et
918 2682 952 2738 ab
973 2681 1085 2753 injuriis
1105 2682 1283 2739 imbecilliori
1302 2682 1361 2739 ritae

217 2771 442 2843 impendentibus
462 2783 604 2840 servatum
618 2783 664 2841 et,
678 2774 810 2845 quoniam
824 2789 880 2829 non
899 2789 1014 2846 corpore
1027 2782 1152 2839 mnium,
1169 2772 1217 2829 sed
1231 2782 1260 2829 ct
1276 2774 1361 2829 anima

216 2871 339 2927 constat,
366 2863 425 2933 pari
445 2865 553 2920 ratione
575 2864 660 2935 hujus
687 2873 714 2920 et
733 2864 810 2921 illius
829 2880 895 2921 cura
915 2865 1034 2920 habetur
1054 2880 1060 2919 :
1081 2865 1124 2919 lac
1146 2864 1245 2920 matris
1270 2880 1361 2936 corpo·

135 2936 141 2948 ’
217 2968 296 3008 rcum
316 2969 433 3028 sugens,
453 2954 543 3011 intans
563 2956 596 3011 ab
615 2971 647 3011 ea
665 2955 709 3010 lac
728 2955 912 3012 institutionis
932 2969 982 3025 per
999 2969 1156 3010 sermonem
1179 2954 1266 3010 simili
1286 2953 1362 3010 modo

219 3045 335 3115 exeipit,
350 3054 378 3099 et
393 3061 474 3117 porro
491 3062 507 3100 a
525 3046 666 3119 magistris
685 3046 813 3118 excipere
830 3046 933 3120 pergit;
947 3054 1030 3117 atque
1050 3046 1088 3101 ita
1106 3062 1185 3102 mens
1204 3047 1319 3118 perinde
1334 3060 1362 3100 ac

219 3149 320 3206 corpus
337 3135 472 3190 evolvitur
491 3138 709 3208 explicaturque.
729 3137 800 3193 llinc
819 3137 963 3205 homines,
982 3153 1101 3209 quorum
1121 3137 1267 3194 facultates
1286 3137 1362 3192 intel-

218 3226 308 3281 lectus
330 3225 359 3279 in
385 3225 547 3282 exercitium
571 3227 628 3297 jam
654 3226 931 3294 sacracramenta,
959 3243 1022 3284 cum
1048 3227 1112 3283 aliis
1135 3243 1184 3299 per
1210 3241 1363 3284 sermonem

219 3317 426 3374 communicant
444 3317 535 3389 iisque
553 3333 609 3373 una
627 3333 691 3374 cum
710 3333 838 3375 sermone
860 3318 986 3374 notitiam
1009 3317 1134 3373 idearum
1156 3317 1186 3372 in
1206 3317 1363 3374 eorumdem

217 3416 312 3464 mente
329 3409 463 3465 hactenus
479 3408 704 3465 delitescentium
723 3410 850 3477 tradunt,
864 3417 891 3466 et
910 3408 963 3465 boe
978 3408 1059 3464 modo
1079 3408 1107 3463 lri
1126 3424 1237 3479 quoqne
1250 3407 1363 3464 rationis

219 3516 301 3556 usum
315 3500 474 3572 expeditum
488 3511 705 3571 consequuntur.
720 3501 750 3555 ld
763 3501 924 3574 quotidiano
942 3500 1131 3572 experimento
1148 3499 1341 3570 comprobatur
1355 3513 1362 3551 ι

219 3590 323 3663 ubique
336 3591 459 3665 gentium
479 3591 576 3657 bomo,
589 3601 669 3647 antea
685 3607 767 3662 quam
782 3591 816 3646 ad
830 3607 911 3646 usum
924 3590 1040 3647 rationis
1055 3590 1196 3662 perveniat
1212 3598 1260 3645 aut
1272 3590 1364 3661 loqua-

219 3687 280 3745 tur,
294 3681 373 3754 prius
386 3682 420 3736 ab
436 3679 499 3735 aliis
514 3678 599 3735 discit
612 3689 640 3735 et
656 3680 794 3737 eruditur.
810 3700 825 3734 c
844 3679 1012 3748 Concedunt,
1025 3681 1169 3752 inquiebat
1181 3678 1364 3754 Augustinus,

218 3786 333 3826 necesse
352 3781 394 3828 est
413 3787 638 3842 unumquemque
655 3780 782 3829 nostrum
802 3782 829 3828 et
842 3772 875 3827 ab
892 3773 1005 3829 ineunte
1028 3772 1145 3843 pueritia
1162 3770 1363 3827 consuetudine

219 3860 349 3917 audiendi
367 3862 489 3937 linguam
509 3878 589 3918 suam
604 3862 750 3930 didicisse,
768 3873 797 3920 et
816 3863 899 3919 aliam
917 3863 1039 3935 aliquam
1060 3862 1104 3917 vel
1117 3875 1234 3934 graecam
1252 3860 1296 3917 vel
1316 3859 1363 3914 he-

219 3953 321 4008 braeam
340 3954 384 4009 vel
401 3954 554 4026 quamlibet
572 3962 749 4021 caeterarum,
769 3964 818 4010 aut
831 3953 961 4010 similiter
972 3951 1125 4019 audiendo,
1142 3958 1190 4006 aut
1208 3966 1259 4021 per
1276 3948 1364 4005 bomi-

221 4061 284 4102 ncm
299 4054 497 4116 praeceptorem
509 4045 652 4115 accepisse
672 4041 758 4119 (1).»
1302 4036 1304 4040 ⁴

257 4134 324 4202 Quae
336 4150 423 4205 quum
438 4135 477 4190 ita
494 4136 563 4203 sint,
578 4135 641 4207 quis
653 4135 756 4193 dixerit
773 4153 834 4194 eam
847 4152 903 4194 nou
916 4150 978 4192 esse
995 4133 1096 4192 mentis
1116 4135 1244 4190 humanae
1260 4133 1366 4206 legemr

252 4306 295 4371 (t)
308 4308 341 4357 De
352 4308 469 4360 doctrino
479 4307 568 4360 ebriat.
584 4308 684 4374 Prolop.
698 4322 724 4358 n.
737 4310 761 4357 5.
