3166 5168
400 376 439 418 nu
453 374 531 418 runo
546 375 698 421 suntrana.
714 377 769 420 usn
784 378 820 420 nr
833 378 998 421 mnnnnxn
1015 379 1181 423 urrtrrarn.
1305 368 1364 426 ata

226 537 288 579 cras
312 520 468 593 Scripturas
487 522 607 577 attinent
634 531 756 578 statuere
777 538 809 578 ac
835 523 981 579 enucleare
1009 541 1064 581 non
1092 526 1259 583 contendant
1287 537 1368 585 ante-

226 628 309 684 quam
334 613 465 669 Ecclesiae
485 614 637 670 auctoritas
662 613 745 669 luerit
778 615 945 681 constituta;
971 615 1076 687 alioqui
1105 617 1135 672 in
1161 627 1291 690 promptu
1322 628 1367 677 εει

226 720 323 761 eorum
347 704 562 776 disputationem
586 706 744 761 necessario
772 720 898 761 mancam
923 721 955 761 ac
977 706 1145 763 imbecillem
1167 708 1239 775 lore,
1263 709 1367 781 quippe

226 808 287 864 quae
309 792 487 849 fundamento
512 794 691 849 destituatur.
723 793 858 864 Equidem
883 810 980 850 verum
1006 804 1049 851 εει
1075 812 1164 866 saepe,
1191 797 1221 851 in
1249 798 1366 871 gratiam

226 881 447 937 adversariorum
472 881 541 938 solis
566 882 718 954 Scripturis
740 882 824 939 fidem
842 885 1019 953 habentium,
1047 886 1076 941 iu
1098 886 1265 958 disputando
1291 888 1364 944 viam

224 973 309 1028 aliam
334 974 398 1028 iniri
423 989 521 1044 posse;
544 972 659 1029 sedhic
684 973 825 1044 loquimur
845 975 880 1030 de
905 975 1061 1031 methodica
1083 976 1257 1046 expositione
1273 976 1364 1032 chris·

226 1063 350 1119 tianismi
377 1062 449 1136 (qui
479 1079 542 1119 cum
571 1064 760 1120 catholicismo
794 1080 881 1119 unum
912 1065 1040 1136 idemque
1063 1064 1148 1138 est),
1172 1074 1254 1136 prout
1286 1081 1318 1120 ea
1347 1081 1364 1121 a

226 1153 362 1226 theologis
386 1154 434 1224 qni
453 1155 592 1225 peculiare
610 1153 721 1226 aliquod
741 1164 934 1228 argumentum
956 1172 1012 1211 non
1031 1165 1116 1229 agunt
1136 1164 1178 1211 est
1198 1154 1362 1211 exhibenda.

225 1241 363 1300 Omnibus
382 1253 490 1311 autem,
511 1246 539 1301 ni
569 1244 661 1311 fallor,
689 1245 769 1300 lacile
797 1253 872 1316 patet
900 1260 961 1300 eam
990 1253 1099 1300 tantum
1130 1260 1193 1300 cum
1218 1244 1365 1316 principiis

226 1349 311 1406 supra
332 1335 491 1391 constitutis
512 1337 650 1392 cohaerere
676 1336 825 1400 rationem,
856 1350 917 1405 quae
942 1335 1064 1406 primum
1086 1351 1117 1390 ea
1149 1350 1210 1406 quae
1234 1334 1364 1391 Ecclesiae

225 1432 294 1479 snut
313 1425 426 1480 deliniat
449 1440 482 1480 ac
507 1426 689 1489 demonstret,
716 1433 812 1496 postea
836 1440 901 1480 vero
920 1440 982 1495 quae
1007 1425 1165 1496 scripturae.

261 1515 402 1586 Etporro
428 1516 476 1570 ubi
494 1517 529 1572 de
552 1514 703 1586 Scripturis
730 1514 946 1586 interpretandis
971 1516 1078 1588 agitur,
1099 1516 1184 1587 probe
1207 1515 1303 1571 itidem
1325 1515 1360 1572 ob

223 1607 319 1663 oculos
337 1607 494 1663 habendum
513 1623 575 1672 eas,
599 1613 694 1677 utpote
718 1605 753 1660 ab
776 1604 898 1660 Ecclesia
912 1604 1080 1675 pendentes,
1103 1619 1278 1676 nequaquam
1295 1619 1363 1660 esse

224 1712 352 1752 seorsum
377 1707 403 1753 et
429 1697 513 1753 veluti
539 1696 573 1751 ab
599 1696 651 1751 hac
685 1696 795 1751 avulsas
826 1695 1029 1765 explanandas;
1061 1709 1159 1750 verum
1193 1709 1303 1765 semper
1327 1693 1363 1749 ab

224 1787 355 1843 Ecclesiae
371 1787 497 1844 doctrina
513 1796 541 1843 et
558 1802 643 1842 sensu
663 1785 852 1850 traditionali,
873 1799 956 1854 quem
976 1783 1005 1836 in
1025 1798 1055 1838 εε
1073 1783 1160 1856 gerit,
1180 1783 1229 1838 lux
1245 1781 1362 1854 peteuda

225 1885 341 1948 estque
365 1877 514 1947 Scripturae
534 1876 607 1931 dicta
628 1876 829 1930 illustrentur:
850 1874 906 1930 uisi
931 1873 1000 1928 illud
1019 1872 1137 1941 leceris,
1162 1888 1225 1928 cum
1254 1873 1363 1928 metho-

224 1965 260 2022 do
280 1982 344 2021 vere
374 1966 524 2022 christiana
550 1966 701 2040 pugnabis,
726 1974 808 2037 atque
837 1965 889 2021 hae
907 1966 1014 2022 ratione
1041 1965 1138 2020 crebro
1163 1963 1305 2036 continget
1330 1972 1361 2019 ιιι

224 2056 387 2128 gravissima
417 2041 565 2128 Scripturae
589 2058 648 2114 loca
675 2055 710 2112 ad
732 2072 791 2112 rem
816 2057 996 2128 theologicam
1025 2057 1144 2111 multum
1176 2055 1366 2122 conferentia,

224 2146 375 2219 eademque
395 2149 464 2204 alias
483 2147 562 2203 lirma
581 2164 612 2204 ac
631 2148 698 2204 satis
724 2146 882 2218 perspicua,
905 2147 1076 2203 subobscura
1100 2156 1128 2202 et
1146 2146 1256 2201 infirma
1278 2145 1361 2212 liant,

224 2253 276 2294 nec
294 2239 443 2311 quidquam
462 2255 533 2311 pene
552 2239 658 2294 uirium
680 2238 781 2293 habere
797 2236 952 2292 videantur.
972 2236 1013 2293 hb
1039 2237 1090 2293 hac
1107 2237 1191 2310 igitur
1216 2237 1274 2303 ria,
1300 2253 1361 2308 quae

223 2329 444 2398 protestantismi
468 2340 511 2386 est
534 2341 562 2386 et
582 2330 623 2386 rei
646 2339 752 2386 naturae
776 2329 896 2386 maxime
927 2329 1103 2396 adversatur,
1130 2345 1240 2386 summo
1268 2329 1360 2385 studio

223 2419 377 2475 cavendum
390 2430 442 2477 est.

259 2509 388 2567 hisvero
406 2513 509 2568 notatis
527 2513 686 2584 expeditum
703 2512 760 2583 jam
780 2521 823 2568 est
841 2526 894 2583 qua
912 2512 1018 2566 ratione
1031 2511 1161 2567 solvenda
1175 2510 1212 2566 sit
1224 2524 1256 2565 ca
1269 2525 1361 2580 quaes-

222 2601 261 2656 tio
276 2619 282 2655 :
297 2616 333 2655 an
355 2618 390 2656 ex
407 2602 558 2672 Scripturis
575 2601 778 2673 comprobanda
797 2602 834 2656 sit
850 2599 990 2656 Ecclesia?
1009 2601 1099 2669 Quum
1118 2600 1193 2656 eninr
1210 2599 1360 2670 Scripturae

222 2691 277 2759 ipsi
292 2691 422 2746 Ecclesiae
435 2692 603 2758 innitantur,
617 2693 677 2746 fieri
690 2691 787 2762 nequit
800 2699 830 2746 ut
842 2706 876 2745 ex
889 2690 944 2746 illis
957 2691 1041 2762 hujus
1054 2690 1204 2746 auctoritas
1218 2689 1359 2754 trahatur,

221 2779 325 2849 alioqui
340 2779 370 2834 iu
389 2780 493 2836 circulo
513 2781 613 2837 vitioso
632 2798 816 2838 versaremur.
837 2780 916 2848 Quod
935 2781 1046 2851 quidem
1065 2798 1101 2838 ue
1116 2795 1259 2852 perperam
1277 2781 1360 2835 iutel-

221 2870 332 2943 ligatur,
355 2871 477 2941 quaedam
502 2873 553 2928 hoc
579 2871 639 2928 loco
664 2871 908 2928 animadvertenda
932 2870 1070 2927 ducimus.
1098 2870 1151 2939 Qui
1176 2885 1234 2925 rem
1261 2869 1359 2925 sedulo

222 2962 412 3033 perpenderit,
431 2974 603 3034 compertum
625 2980 689 3020 mox
711 2964 838 3019 habuerit
864 2963 1029 3030 Ecclesiam,
1055 2960 1287 3034 quemadmodum
1309 2975 1359 3031 ρει

221 3069 252 3109 εε
271 3063 298 3109 ει
317 3053 394 3109 nullo
412 3055 558 3125 interjecto
576 3055 667 3111 medio
687 3056 861 3128 cognoscitur
879 3071 911 3110 ac
929 3054 1030 3124 cuique
1049 3054 1078 3109 in
1098 3054 1200 3109 mundo
1221 3062 1316 3123 patens
1330 3060 1358 3107 et

220 3144 367 3216 perspicua
386 3145 521 3212 cernitur,
539 3146 577 3201 ita
590 3162 700 3217 quoqne
719 3161 768 3218 per
786 3162 816 3202 se
833 3147 978 3218 approbari
992 3162 1024 3203 ac
1041 3153 1144 3201 certam
1164 3142 1357 3200 demonstrari.

221 3234 294 3302 Quid
309 3234 412 3309 igitur?
429 3237 552 3292 Ecclesia
570 3253 626 3292 nou
643 3246 686 3292 est
702 3246 857 3292 emortuum
877 3237 1015 3308 quoddam
1027 3236 1143 3293 cadaver
1155 3235 1256 3291 alicubi
1269 3243 1357 3289 terra-

219 3341 283 3380 rum
313 3326 507 3394 reconditum,
529 3335 577 3382 aut
602 3327 727 3398 quaedam
753 3326 906 3397 spiritualis
931 3336 1039 3383 tantum
1070 3327 1187 3383 societas
1213 3325 1357 3381 oculorum

218 3415 307 3471 aciem
319 3416 431 3486 penitus
447 3416 592 3490 effugieus;
607 3418 655 3474 sed
669 3425 712 3473 est
724 3426 837 3472 externa
848 3433 881 3472 ac
891 3417 1010 3473 risibilis
1023 3416 1154 3480 societas,
1168 3415 1230 3471 rivo
1245 3425 1356 3470 etsem-

219 3520 269 3577 ρει
289 3513 402 3561 actuoso
424 3509 581 3579 organismo
604 3508 730 3580 praedita,
754 3524 815 3580 qnae
836 3506 900 3564 inde
922 3523 937 3563 a
960 3507 1070 3564 Christo
1092 3507 1207 3564 Domino
1229 3506 1263 3561 ad
1286 3507 1356 3562 hanc

218 3612 307 3668 usque
318 3605 427 3652 atatem
442 3613 524 3652 unam
537 3607 564 3654 et
576 3600 701 3655 eamdem
714 3599 798 3655 vitam
813 3608 945 3670 perpetuo
958 3599 1040 3665 vivit,
1054 3598 1178 3671 quolibet
1189 3612 1247 3653 aevo
1260 3596 1356 3652 eadem

217 3701 383 3757 permanens
399 3685 569 3759 formamque
587 3698 728 3744 externam
745 3690 841 3746 itidem
861 3690 1004 3747 exhibens

255 3775 333 3844 Quod
352 3777 376 3832 si
396 3777 434 3832 ita
449 3787 504 3844 est,
519 3779 581 3849 quis
595 3795 649 3834 nou
668 3780 759 3836 videat
774 3797 889 3837 necesse
909 3798 971 3838 esse
989 3790 1020 3837 nt
1038 3780 1175 3851 ejusmodi
1196 3780 1313 3838 societas
1326 3781 1355 3837 in

218 3882 249 3922 se
266 3875 343 3939 gerat
360 3883 418 3924 suae
434 3869 642 3926 constitutionis
658 3870 828 3926 actoritatis
848 3871 1026 3945 argumenta?
1039 3872 1162 3928 Ecclesia
1175 3873 1283 3930 scilicet
1295 3891 1356 3945 quae

217 3974 292 4013 nuno
307 3967 363 4024 est,
377 3967 408 4014 ut
422 3975 515 4015 reram
529 3975 559 4016 εε
572 3976 634 4016 εεεε
647 3961 822 4032 comprobet,
836 3961 864 4016 id
878 3972 986 4018 tantum
1006 3979 1086 4036 agere
1099 3964 1196 4030 debet,
1214 3973 1254 4030 ut,
1272 3979 1355 4035 supe-

216 4047 291 4104 riora
310 4051 410 4105 saecula
428 4060 557 4121 repetens
569 4051 669 4122 suique
687 4051 776 4122 ipsius
792 4052 941 4124 organismi
955 4053 1029 4108 haud
1043 4053 1225 4125 interruptam
1245 4068 1355 4109 succes-

216 4137 324 4194 sionem
333 4150 563 4209 commonstrans,
573 4141 607 4197 ad
617 4142 763 4213 Apostolos
776 4142 889 4199 tandem
899 4152 927 4198 et
935 4143 1076 4201 Christum
1090 4146 1261 4202 conditorem
1271 4159 1354 4199 snum

217 4230 372 4300 perveniam
390 4241 472 4302 atque
492 4233 544 4288 hac
560 4233 620 4301 ria,
638 4233 717 4290 lactis
733 4233 868 4305 publicis,
886 4234 1010 4305 qualibet
1028 4244 1108 4292 aetate
1121 4233 1292 4306 conspicuis,
1304 4247 1353 4304 ap-

216 4328 295 4390 paret
317 4336 379 4377 eam
393 4339 409 4378 a
425 4321 535 4380 Christo
554 4324 688 4398 originem
708 4325 818 4382 trahere
837 4324 960 4399 adeoque
981 4325 1104 4385 divinam
1124 4341 1196 4384 esse.
1219 4323 1353 4394 Quocirca
