3150 5160
321 380 346 422 s.
360 379 539 438 curararum,
556 378 810 424 cunmaurnnnsus
824 379 992 424 mrsuorus.
1188 369 1227 426 75

96 519 227 578 unitatem
244 523 398 581 concordiae
413 525 521 600 glutino
536 525 671 596 copulata.
687 523 779 581 Saindi
805 525 899 581 unitas
917 541 971 582 non
989 535 1090 598 potest,
1105 543 1156 584 uec
1168 544 1229 585 cor-

94 625 145 679 pus
163 627 248 667 unum
269 613 386 672 discidio
407 615 576 690 compaginis
597 615 733 687 separari,
752 614 870 672 divulsis
892 616 1057 673 laceratione
1075 618 1230 676 visceribus

93 699 121 753 in
134 700 222 758 inusta
238 703 367 775 discerpi.
385 704 523 776 Quidquid
536 722 551 761 a
563 706 676 761 matrice
688 703 862 771 discesserit,
881 719 1006 761 seorsum
1019 705 1111 762 vivere
1127 716 1155 762 et
1170 708 1228 779 spi-

93 805 154 846 rare
167 807 221 848 uon
235 793 351 865 poterit,
367 795 550 851 substantiam
565 795 663 851 salutis
675 795 778 850 amittit
791 793 846 869 (ll.
864 813 878 846 a

130 881 180 937 llic
195 893 288 939 autem
303 893 331 939 et
348 901 398 941 nos
414 886 599 941 consistamus
615 892 730 956 oportet.
745 881 822 949 Quod
839 881 863 937 si
878 896 953 937 nunc
968 896 1028 954 quac
1045 881 1073 936 in
1090 882 1142 940 hoc
1157 883 1228 940 libro

92 971 187 1040 pandit
204 989 236 1029 ac
254 973 323 1030 mira
342 975 445 1048 ingenii
466 976 525 1032 acie
546 976 648 1032 evolvit
666 972 818 1046 Cyprianus
837 972 890 1026 rite
910 970 1103 1043 perpenderis,
1120 987 1228 1029 mecum

92 1060 221 1119 fateberis
241 1064 403 1135 praeclarum
420 1064 542 1136 prolecto
561 1073 589 1120 et
606 1065 730 1120 numeris
748 1078 818 1134 pene
839 1061 968 1118 omuibus
986 1061 1142 1118 absolutum
1166 1079 1228 1120 esse

93 1150 166 1207 hunc
180 1152 215 1208 de
232 1153 354 1211 Ecclesia
373 1164 536 1222 tractatum,
554 1155 758 1227 plurimumque
775 1168 808 1208 ex
821 1168 853 1209 eo
866 1168 926 1208 rem
941 1153 1122 1226 theologicam
1138 1154 1228 1212 incre-

92 1242 178 1296 menti
197 1242 314 1314 cepisse.

128 1331 194 1400 Quae
224 1350 309 1406 quum
338 1334 375 1390 ita
405 1350 436 1391 se
461 1334 596 1401 habeant,
622 1333 686 1406 quis
716 1348 771 1389 nou
800 1332 915 1389 miretur
939 1341 1122 1404 protestantes
1149 1335 1228 1393 malae

91 1437 181 1478 causae
203 1424 361 1495 praesidium
379 1424 452 1496 apud
474 1425 548 1481 hunc
567 1423 659 1496 ipsum
679 1422 844 1496 Cyprianum
866 1421 1043 1494 quaesivisse!
1066 1425 1095 1480 ld
1117 1425 1229 1496 quidem

91 1511 159 1568 adeo
176 1513 245 1568 mihi
263 1522 452 1585 portentosum
467 1515 591 1580 videtur,
607 1522 638 1569 ut
656 1513 720 1569 talia
733 1514 761 1568 in
778 1513 990 1585 protestantium
1009 1514 1121 1586 scriptis
1138 1518 1229 1589 perle-

89 1617 159 1676 gens
172 1603 218 1658 vix
237 1603 324 1660 oculis
343 1603 428 1660 iidcre
448 1620 555 1676 qucam.
575 1602 646 1671 Quid
666 1602 751 1676 igitur
769 1603 880 1659 tandem
897 1603 966 1661 illud
985 1613 1029 1660 est
1048 1605 1119 1676 quod
1138 1606 1230 1679 aliqua

91 1693 198 1749 ratione
213 1693 371 1750 traditionis
391 1705 474 1766 atquc
492 1694 663 1752 auctoritatis
680 1693 808 1750 methodo
830 1694 931 1766 opponi
952 1693 1057 1767 possiti
1079 1697 1137 1762 En,
1157 1698 1229 1771 opti·

91 1797 136 1838 me
160 1781 257 1849 lector,
277 1782 478 1839 lormidaudam
497 1783 719 1839 adversariorum
740 1785 1004 1858 argumentationem
1029 1802 1036 1840 :
1061 1785 1090 1840 in
1113 1801 1145 1842 ea
1169 1804 1231 1859 qnae

90 1870 257 1944 Cyprianum
279 1872 352 1928 inter
372 1889 405 1928 ac
425 1873 599 1945 Stephanum·
619 1873 774 1930 Romanum
795 1872 956 1930 Pontiticem
979 1873 1013 1929 de
1034 1875 1171 1946 baptismo
1194 1878 1229 1933 ab

89 1962 228 2018 haereticis
244 1963 344 2019 collato
361 1963 456 2020 oborta
479 1963 568 2019 iuerat
587 1964 789 2030 controversia,
803 1978 889 2036 quum
908 1961 1043 2038 Cppriauo
1063 1965 1230 2036 objiceretur

89 2052 261 2108 consuetudo
280 2067 313 2108 ae
331 2052 458 2121 traditio,
478 2053 621 2125 respoudit
642 2053 791 2108 humanam
810 2053 882 2111 hanc
903 2068 965 2109 esse
983 2051 1158 2110 traditionem
1179 2071 1230 2111 nec

89 2141 115 2196 ei
139 2141 196 2196 ullo
221 2151 300 2213 pacto
325 2143 463 2199 nandum.
495 2144 562 2199 lnde
587 2143 684 2201 confici
711 2143 789 2199 aiunt
814 2159 848 2199 ex
876 2142 965 2199 sancti
989 2143 1111 2201 doctoris
1139 2156 1231 2204 mente

90 2248 222 2287 aaronem
234 2234 416 2303 coangelicam
431 2240 454 2290 et
467 2235 643 2306 apostolicam
656 2235 831 2290 traditionem
841 2251 894 2290 cccc
906 2236 1081 2305 querendam
1093 2239 1124 2290 ia
1136 2235 1230 2293 Eaaa·

92 2324 187 2392 peliis,
206 2322 281 2378 Actia
298 2330 346 2379 aut
365 2324 511 2396 Epistolia,
530 2326 675 2396 omniaque
693 2325 743 2380 illa
761 2341 820 2396 qua
837 2342 893 2382 aaa
909 2332 1024 2396 possunt
1042 2328 1074 2380 ia
1091 2326 1134 2380 bia
1152 2327 1232 2382 libris

91 2415 211 2485 reperiri
232 2413 381 2484 rejicienda
398 2422 421 2471 et
441 2416 633 2471 contemnenda
650 2431 704 2470 case
722 2414 777 2490 lh).
793 2416 926 2473 Praeclara
945 2413 1067 2487 proiecto
1085 2431 1232 2489 argumen-

91 2502 169 2560 tandi
185 2502 271 2560 ratio!
288 2505 316 2560 ln
330 2504 449 2577 quodam
462 2504 595 2578 singulari
611 2519 677 2560 casu
693 2505 839 2576 quamdam
856 2503 1033 2561 traditionem
1049 2505 1232 2579 singularem,

91 2609 176 2666 quam
197 2594 362 2661 humanam,
382 2611 438 2651 non
456 2595 491 2651 ab
510 2594 648 2667 Apostolis
672 2596 782 2652 ductam
806 2595 952 2662 censebat,
971 2595 1096 2667 recipere
1123 2604 1233 2650 recusat

92 2683 263 2758 Cyprianus;
280 2699 345 2757 ergo
362 2683 454 2755 ipsum
473 2684 630 2741 traditionis
647 2684 816 2758 principium
834 2699 866 2739 ac
885 2685 1007 2758 regulam
1025 2685 1055 2740 in
1072 2684 1233 2740 universum

91 2772 200 2844 rejicit!
225 2773 289 2828 llaec
311 2780 354 2828 est
376 2773 488 2828 tandem
511 2773 724 2842 protestantium
747 2773 849 2847 logica,
871 2789 933 2844 quac
954 2783 1029 2829 certe
1049 2772 1233 2830 Aristoteliam

93 2860 168 2917 haud
191 2859 272 2916 lauet.
296 2859 407 2916 Scilicet
429 2875 566 2931 nusquam
588 2871 742 2931 queruntur
766 2863 936 2936 Cyprianus,
960 2879 1012 2919 nec
1035 2863 1232 2930 Eirmilianus,

93 2950 226 3023 quicum
254 2965 286 3007 eo
308 2949 463 3016 sentiebat,
487 2949 558 3021 quod
587 2949 742 3022 Stephanus
765 2952 940 3008 traditionem
962 2960 994 3007 ut
1018 2950 1082 3008 iidei
1110 2954 1234 3028 regulam

92 3048 229 3112 opponat;
250 3039 373 3096 latentur
391 3039 463 3095 hanc
481 3039 657 3096 traditionem
678 3039 713 3094 de
731 3039 868 3112 baptismo
889 3040 1083 3097 haereticorum
1102 3057 1158 3099 non
1182 3043 1234 3100 ite-

92 3129 181 3186 rando
199 3129 398 3186 observandam
420 3145 495 3197 esse,
515 3131 540 3186 si
557 3130 591 3185 ab
609 3128 747 3200 apostolis
766 3139 824 3187 orta
838 3131 891 3198 sit,
911 3130 959 3187 sed
972 3139 1061 3187 ortam
1080 3142 1181 3208 negant
1200 3134 1234 3191 ab

91 3221 248 3293 Apostolis;
268 3221 336 3294 quin
356 3223 454 3289 etiam,
474 3221 589 3293 objectae
608 3220 749 3276 traditioni
769 3220 850 3276 aliam
873 3222 988 3294 opponit
1006 3221 1159 3296 Cyprianus
1179 3223 1233 3299 (ὅ).

91 3313 169 3370 Nihil
186 3312 270 3385 igitur
286 3313 500 3386 protestantium
518 3327 627 3368 causam
645 3311 723 3381 juvat
740 3309 800 3367 hacc
812 3309 985 3383 disceptatio.
1005 3312 1156 3379 imovero,
1178 3329 1233 3370 non

92 3401 175 3459 modo
196 3418 251 3459 nou
266 3403 357 3474 juvat,
373 3402 421 3460 sed
444 3403 556 3475 penitus
573 3400 717 3466 convellit,
738 3409 766 3455 et
789 3400 1011 3471 perincommode
1033 3401 1145 3473 quidem
1168 3418 1235 3459 con·

92 3493 258 3550 troversiam
277 3493 347 3550 hanc
366 3494 394 3549 in
418 3493 541 3549 medium
558 3492 701 3548 advocant.
724 3489 797 3557 Quid
819 3488 913 3547 enim?
931 3492 1029 3547 Nonne
1048 3507 1081 3547 ex
1100 3505 1132 3547 ea
1151 3507 1234 3563 quam

92 3582 214 3640 maxime
237 3583 334 3654 liquet,
357 3584 425 3640 adeo
450 3598 564 3640 necesse
583 3596 658 3647 esse,
681 3578 816 3654 cypriano
839 3579 945 3650 judice,
971 3596 1034 3636 cnm
1061 3581 1179 3637 Ecclesia
1204 3582 1234 3638 in

93 3672 225 3729 omnibus
249 3673 406 3729 consentire
432 3683 460 3728 et
488 3673 631 3747 coniungi,
655 3679 687 3726 ut
714 3686 750 3726 ne
772 3670 908 3741 baptisma
932 3671 1043 3743 quidem
1066 3688 1162 3730 eorum
1186 3675 1235 3744 qui

93 3769 172 3816 extra
197 3761 347 3816 Ecclesiam
374 3771 522 3818 versantur
549 3761 583 3816 ad
611 3762 730 3817 salutern
759 3760 850 3816 valere
875 3760 984 3832 possiti
1009 3761 1060 3818 llic
1081 3778 1146 3836 ergo
1173 3771 1234 3818 tan-

94 3861 155 3906 tum
178 3850 256 3906 abest
277 3860 307 3906 ut
326 3865 356 3906 ca
370 3868 431 3923 quaa
448 3860 511 3907 ante
531 3851 670 3923 exipsius
689 3865 738 3906 ore
760 3850 915 3907 audirimus
935 3852 1070 3925 principia
1088 3853 1235 3926 explodere

129 4035 156 4096 (t
167 4037 175 4095 l
188 4037 250 4085 ibid.
264 4052 290 4103 p.
303 4039 361 4087 202.

129 4112 173 4180 (2)
185 4114 273 4166 Simon
284 4116 431 4170 Goulurtius
445 4117 472 4168 in
486 4118 552 4171 notis
563 4119 595 4170 ad
608 4121 681 4188 epist.
693 4122 798 4172 txxtv.

130 4196 175 4260 (3)
191 4197 228 4248 Gi.
248 4199 363 4267 praelatio
383 4217 459 4268 quam
479 4201 632 4254 Prudentius
650 4202 769 4256 bleranus
788 4202 899 4271 prmlccil
920 4202 1024 4255 editioni
1043 4186 1143 4262 Baium,
1162 4201 1232 4267 §Vh

96 4295 123 4345 p.
144 4279 217 4329 xvh.

1050 4395 1088 4452 lo
