3166 5168
264 368 504 419 rnorusrnnrrnu
527 369 679 413 rainerum
700 370 738 412 nn
760 368 933 414 nmrcroms
953 371 1103 416 neruoso.
1194 361 1253 420 iot

108 532 224 590 prorsus
236 516 326 572 aliena
337 517 395 589 jam
412 515 477 572 inde
490 513 684 586 comprobatur
698 515 991 586 pseudo-reformatio,
1006 517 1080 589 qnod
1096 533 1149 574 nec
1161 517 1256 578 Chris-

108 617 168 664 tum
195 622 247 663 nec
272 607 362 679 ipsius
387 622 457 678 opus
482 605 538 661 ulla
561 604 668 661 ratione
694 605 865 663 intellexisse
891 607 1064 665 convincitur
1083 624 1090 665 :
1106 609 1155 681 qui
1182 611 1257 668 eninr

107 697 268 754 christianae
287 696 429 770 religionis
450 695 572 753 indolem
595 694 669 751 haud
694 696 866 768 assequitur,
887 695 911 752 is
929 695 1033 753 Christi
1058 713 1121 755 esse
1144 700 1257 770 nequit;

107 788 240 860 profanus
257 795 301 844 est
320 796 349 844 et
369 786 549 860 peregrinus,
572 800 625 841 nec
650 786 769 858 amplius
794 801 911 842 neeesse
937 795 981 843 est
1008 787 1174 860 peculiaria,
1196 806 1258 862 quae

107 879 251 951 predicat,
265 879 393 952 dogmata
410 875 445 932 ad
457 876 592 933 trutinam
609 890 749 942 revocare,
764 884 796 932 ut
807 885 938 948 appareat
951 885 1046 933 utrum
1060 893 1125 934 vera
1137 894 1173 933 an
1186 878 1257 936 falsa

107 969 180 1038 siut;
193 988 212 1026 a
229 971 320 1040 priori
332 968 436 1041 qnippe
457 965 636 1022 manifestum
649 974 692 1022 est
710 965 764 1038 ipsi
778 966 852 1022 circa
869 982 975 1038 eaquae
994 966 1098 1024 Christi
1115 978 1181 1024 sunt
1193 969 1258 1024 nul·

108 1059 164 1114 lam
175 1059 271 1116 haberi
281 1074 364 1131 posse
373 1057 470 1125 fidem,
482 1066 576 1129 utpote
585 1056 632 1128 qni
643 1055 748 1113 Christi
758 1073 829 1128 opus
841 1072 987 1129 perperam
999 1057 1198 1130 interpretatus
1209 1059 1255 1116 sit.

144 1147 237 1216 Quum
256 1165 321 1220 ergo
335 1148 440 1205 Christi
457 1148 590 1204 revelatio
609 1147 798 1217 reascensis,
814 1157 844 1204 ut
856 1149 948 1215 aiunt,
968 1148 1090 1221 adeoque
1109 1165 1144 1205 ex
1160 1165 1257 1207 eorum

108 1239 157 1310 qui
171 1246 238 1295 tunc
251 1239 385 1311 temporis
402 1247 450 1295 ant
461 1238 590 1296 viciniori
610 1238 709 1295 saltem
722 1247 803 1294 aetate
818 1238 950 1311 discipuli
968 1238 1030 1311 ejus
1046 1240 1163 1297 extitere
1177 1241 1257 1298 testi·

107 1329 210 1386 moniis
223 1329 400 1402 potissimum
413 1331 451 1386 sit
466 1328 661 1387 constituenda
676 1329 912 1401 explicandaque,
926 1345 1068 1402 quumque
1086 1329 1128 1385 illi
1141 1330 1203 1402 qui,
1216 1329 1257 1387 la-

108 1420 234 1476 tentibus
246 1419 431 1487 adversariis,
446 1420 539 1492 prisco
552 1418 606 1475 hoc
618 1434 675 1474 aevo
689 1418 929 1476 christianismum
941 1419 1066 1477 relerunt
1078 1420 1159 1477 aliter
1171 1437 1256 1494 quana

108 1519 297 1581 protestantes
313 1509 493 1567 christianam
513 1508 675 1581 religionem
695 1508 897 1576 intellexerint,
912 1510 993 1581 plane
1009 1511 1190 1582 consequitur
1207 1511 1257 1568 ad-

107 1600 248 1657 versarios
260 1617 275 1655 a
287 1615 418 1674 germana
437 1599 639 1656 christianismi
659 1599 771 1656 notione
789 1601 947 1668 aberrasse,
963 1610 991 1657 et
1005 1617 1088 1674 porro
1106 1617 1192 1674 penes
1209 1617 1257 1659 ca·

109 1688 229 1745 tholicos
242 1699 349 1747 tanturn
369 1706 431 1747 esse
449 1706 548 1748 verum
565 1690 814 1746 christianismum.
835 1691 984 1747 Transacta
1000 1691 1086 1765 igitur
1103 1701 1146 1749 est
1165 1692 1256 1751 omnis

108 1781 305 1837 controversia.
326 1781 382 1838 Nos
402 1780 520 1847 Christi,
541 1781 736 1853 Apostolorum
757 1790 786 1837 et
804 1781 918 1840 Patrum
937 1781 1070 1854 discipuli
1088 1798 1121 1838 ac
1139 1782 1189 1838 lilii
1208 1799 1256 1840 su·

109 1886 188 1938 mus;
202 1887 252 1928 vos
270 1881 366 1928 eontra
379 1886 395 1926 a
408 1871 530 1936 Christo,
544 1871 685 1944 Apostolis
699 1881 726 1927 et
745 1872 874 1928 Patribus
891 1887 1006 1944 prorsus
1020 1870 1104 1928 alieni
1122 1871 1200 1928 estis.

145 1962 316 2033 Quamquam
334 1961 393 2018 haee
407 1962 554 2018 verissima
571 1962 629 2018 sint
645 1978 697 2019 nec
714 1961 749 2018 ah
768 1961 826 2019 ullo
844 1963 874 2018 in
893 1961 1010 2018 dublum
1029 1961 1121 2019 vocari
1140 1971 1255 2034 queant,

108 2053 164 2110 nisi
183 2054 286 2110 mentis
302 2055 398 2110 oculos
418 2052 551 2126 pertinaci
565 2053 657 2109 animo
675 2053 804 2109 claudere
816 2052 985 2119 decreverim
999 2051 1127 2125 quamvis
1139 2052 1257 2125 proinde

108 2143 281 2199 tractationis
300 2144 372 2216 parti
392 2144 532 2201 historicae
549 2143 633 2200 finem
651 2144 698 2200 hic
716 2143 806 2199 iacere
825 2143 936 2211 liceret,
952 2159 1052 2200 censeo
1072 2152 1165 2199 tamen
1183 2143 1256 2199 haud

108 2233 159 2289 ahs
171 2249 203 2289 re
214 2233 272 2289 lore
285 2234 502 2291 demonstratam
517 2234 619 2290 thesim
633 2250 666 2289 ex
679 2234 795 2290 historia
812 2234 909 2290 itidem
923 2235 1095 2291 confirmare.
1110 2235 1139 2291 ld
1154 2235 1257 2308 quippe

109 2323 250 2380 neminem
267 2324 345 2391 latet,
367 2325 413 2380 uhi
431 2325 599 2396 principium
614 2323 751 2396 quoddam
769 2324 916 2392 statuitur,
938 2325 1058 2381 maxime
1080 2325 1104 2381 si
1119 2324 1154 2380 ad
1174 2338 1256 2380 usum

109 2425 192 2488 atque
213 2416 248 2472 ad
271 2416 416 2473 hominum
438 2426 517 2473 actus
537 2417 672 2490 regendos
702 2416 919 2473 moderandosve
938 2416 1115 2488 potissimum
1136 2423 1256 2487 spectet,

110 2522 144 2562 ex
163 2509 265 2565 suimet
283 2507 399 2564 historia
416 2507 568 2580 plurimum
585 2505 720 2563 illustrari
738 2521 770 2562 ac
788 2506 934 2562 dilucidari
950 2523 956 2562 :
972 2522 1004 2562 ex
1024 2506 1060 2562 ils
1076 2520 1145 2576 quos
1164 2504 1258 2561 attulit

110 2595 247 2654 fructibus
266 2598 314 2654 lux
329 2600 419 2654 oritur
435 2598 653 2669 locupletissima
671 2613 724 2669 qua
742 2596 777 2652 de
794 2597 884 2668 ipsius
900 2598 1016 2652 veritate
1034 2594 1171 2667 judicium
1190 2594 1257 2651 lerri

111 2689 210 2756 possit.
227 2686 393 2757 Supremam
413 2686 534 2742 trihnnal
549 2702 581 2742 ac
597 2687 683 2759 judex
699 2686 894 2760 integerrimus
910 2695 953 2742 est
969 2685 1101 2752 historia,
1115 2684 1197 2755 cujus
1213 2692 1257 2740 est

68 2841 70 2845 Ι
111 2773 146 2829 de
159 2774 283 2844 quolibet
296 2773 446 2844 principio,
459 2774 577 2830 simodo
590 2776 643 2847 ipsi
656 2776 714 2830 vim
729 2791 807 2831 suam
820 2790 933 2832 exerere
946 2792 996 2846 per
1008 2784 1120 2846 tempus
1133 2775 1257 2841 licuerit,

110 2862 157 2933 jus
176 2863 288 2919 taudem
304 2863 396 2919 dicere
412 2878 445 2918 ae
460 2865 629 2920 sententiam
649 2864 730 2920 lerre.
750 2865 886 2932 Quoniam
905 2881 970 2938 ergo
989 2881 1073 2937 quarn
1091 2865 1119 2921 in
1140 2881 1170 2922 se
1187 2865 1259 2940 gerit

112 2953 249 3009 occultam
263 2952 395 3010 virtutem
408 2969 457 3025 per
470 2954 523 3010 tria
534 2954 591 3025 jam
605 2965 633 3011 et
650 2955 770 3028 amplius
783 2957 883 3013 saccula
897 2955 1021 3013 exterius
1037 2956 1154 3029 prodere
1166 2956 1259 3029 poluit

112 3043 332 3114 protestantismi
349 3045 512 3113 methodus,
527 3061 617 3118 operae
635 3047 755 3119 pretium
768 3048 822 3104 erit
835 3048 963 3105 celeriori
980 3049 1079 3105 saltem
1097 3048 1184 3122 gradu
1202 3048 1258 3104 lata

112 3133 174 3205 ejus
185 3133 339 3208 dogmatica
356 3135 539 3207 perlustrare,
554 3144 638 3208 atque
653 3138 691 3193 ita
705 3137 863 3211 perspicere
879 3154 934 3210 quo
952 3137 1000 3195 illa
1013 3139 1126 3196 demum
1139 3137 1257 3197 adducta

112 3223 205 3282 luerit.

96 3431 1271 3460 w

569 3590 708 3673 elati
737 3591 806 3673 111.

230 3793 401 3852 lllSTORlAE
419 3795 711 3854 Pnorhsrahrtsttt
729 3797 886 3856 Mhrhohl
898 3795 1132 3854 enavtlnltitl.

199 4017 231 4056 AB
249 4017 331 4058 llll'l'lO
349 4017 682 4060 asiatico-neronttarrortts
699 4020 732 4059 lli
750 4018 936 4060 htrlohttlsnl
954 4017 1050 4059 ethnici
1070 4017 1168 4059 onruli.

152 4188 269 4248 Animus
284 4189 395 4262 quidem
413 4208 467 4249 non
482 4201 525 4249 est
537 4191 646 4267 singula
660 4207 745 4265 prope
763 4192 886 4250 historiae
902 4190 1122 4266 protestantismi
1141 4189 1254 4262 dogma-

116 4278 177 4336 ticae
194 4279 283 4352 capita
296 4283 440 4353 persequi,
454 4282 481 4341 id
494 4283 568 4355 enirn
581 4286 694 4360 longum
708 4283 778 4344 loret
794 4294 821 4343 ct
833 4286 867 4343 ah
882 4284 1009 4345 instituto
1025 4292 1119 4341 nostro
1133 4294 1249 4354 prorsus
