3150 5160
374 355 461 398 CATH.
484 353 642 398 burdonus
662 354 835 399 nnouussnr.
857 355 965 399 theou.
988 356 1209 402 commutauit.
1293 343 1352 404 {65

212 502 319 574 phetae3
351 499 465 556 decebat
490 500 564 556 enim
592 515 639 557 eas
665 516 727 571 qnae
753 502 924 572 praeiverant·
942 501 1125 558 revelationes
1155 502 1281 561 rudiores
1304 521 1356 563 nec

210 592 344 649 omnibus
366 591 488 648 numeris
508 590 649 647 absolutas
666 606 743 658 osse,
758 602 789 647 ut
803 592 841 647 ita
859 608 875 647 a
897 592 958 647 solo
972 591 1020 646 bei
1040 592 1110 648 Filio
1128 593 1221 648 omnia
1240 594 1356 665 perlice-

210 691 312 739 rentur
339 682 588 752 explerenturque;
611 682 760 752 quoniam,
786 683 912 753 inquam,
942 682 1011 736 nulli
1037 681 1169 753 deinceps
1195 684 1356 740 revelationi

208 772 292 830 loeus
307 772 489 842 relinquitur,
509 787 541 826 ea
560 780 602 827 est
615 780 643 827 et
665 787 727 828 esse
746 772 842 828 debuit
860 771 963 828 Christi
984 772 1162 828 revelationis
1180 773 1304 842 indoles,
1325 784 1356 832 ut

208 880 270 920 non
283 863 319 918 ad
332 872 458 934 tempus,
473 863 521 917 sed
535 862 564 916 in
578 873 741 933 perpetuum
761 871 921 933 permaneat
938 864 1117 934 omniumque
1133 873 1244 919 aetatum
1266 865 1356 922 homi-

208 969 264 1008 nes
278 953 419 1008 illustrare
432 967 464 1008 ac
482 952 637 1008 instaurare
657 952 754 1023 possit.
773 952 858 1024 ldque
877 969 907 1008 re
924 954 984 1025 ipsa
1004 952 1092 1010 luisse
1111 955 1220 1012 Christo
1239 957 1355 1015 Domino

208 1044 388 1116 propositum
407 1043 437 1099 in
457 1052 585 1113 promptu
606 1051 664 1110 est,
682 1059 734 1099 nec
751 1043 786 1099 ab
808 1045 863 1100 ullo
877 1044 1030 1100 christiano
1050 1045 1079 1101 in
1097 1045 1213 1102 dubium
1226 1047 1355 1103 vertitur.

205 1133 362 1190 Videamus
384 1148 448 1206 ergo
470 1148 537 1187 num
560 1147 592 1187 ea
614 1132 773 1190 christianae
795 1134 971 1191 revelationis
997 1134 1117 1201 indoles,
1141 1135 1196 1191 nisi
1221 1134 1355 1192 divinitus

209 1223 344 1279 instituta
366 1231 532 1296 agnoscatur
551 1224 714 1290 auctoritas,
737 1225 792 1281 ulla
809 1225 916 1281 ratione
933 1225 1077 1280 consistat.

252 1313 351 1371 Omnis
372 1314 520 1380 revelatio,
541 1313 570 1367 in
591 1329 621 1369 se
640 1324 775 1386 spectata,
796 1323 839 1371 est
862 1313 964 1370 lactum
987 1316 1059 1386 quud
1081 1324 1145 1372 actu
1167 1316 1310 1387 perficitur
1328 1325 1356 1372 et

212 1420 352 1460 unacum
371 1413 434 1460 actu
454 1404 562 1460 transit.
584 1405 670 1460 Actus
688 1405 734 1460 ille
751 1420 805 1476 quo
822 1404 896 1460 Deus
914 1404 1075 1461 hominihus
1093 1405 1234 1476 quidpiam
1252 1405 1357 1461 revelat

211 1497 335 1553 breviori
357 1495 508 1568 longiorive
527 1505 651 1566 tempore
670 1493 739 1550 effici
758 1502 864 1566 potest,
888 1493 935 1550 sed
955 1503 1047 1549 mmen
1070 1510 1119 1566 per
1141 1510 1172 1551 se
1199 1495 1355 1551 necessario

212 1587 297 1660 fugax
315 1595 368 1641 est.
383 1585 429 1641 Sic
452 1585 580 1642 Christus
602 1585 706 1655 aliquot
727 1585 808 1640 annis
834 1584 906 1639 inter
928 1584 1070 1652 homines,
1093 1585 1224 1641 humanae
1250 1594 1357 1642 naturae

215 1678 356 1749 particeps
378 1677 450 1747 ipse,
474 1676 553 1732 visus
581 1684 638 1740 est,
662 1675 767 1730 eisdem
790 1691 868 1731 novae
888 1674 1031 1745 religionis
1052 1674 1163 1730 decreta
1188 1675 1355 1743 traditurus;

215 1767 263 1822 sed
286 1775 349 1838 post
370 1766 482 1836 aliquod
504 1767 637 1836 temporis
663 1765 784 1836 spatium
803 1781 819 1821 e
837 1765 907 1821 vivis
927 1765 1053 1822 sublatus
1074 1766 1238 1837 aspectabili
1263 1766 1355 1837 specie
1415 1836 1418 1842 .

215 1867 317 1913 terram
338 1856 463 1912 orbatam
482 1854 609 1925 reliquit,
623 1864 706 1926 atquc
724 1856 752 1911 in
769 1857 854 1912 eoelos
866 1856 991 1913 ascendit
1003 1856 1038 1911 ad
1051 1856 1191 1912 dexteram
1204 1855 1252 1910 bei
1265 1855 1356 1912 Patris

215 1949 244 2004 in
256 1957 392 2004 aeternum
411 1961 551 2002 sessurus.
570 1946 611 2002 En
630 1946 761 2003 revelatio
782 1946 933 2002 christiana
950 1954 1032 2018 prout
1051 1961 1082 2002 ea
1099 1954 1240 2020 spectatur
1258 1954 1290 2001 ut
1302 1944 1357 2000 lac-

217 2049 277 2096 tum
291 2047 355 2093 actu
370 2036 521 2109 perlectum
535 2044 563 2092 et
576 2052 631 2092 una
645 2053 706 2093 cnm
724 2044 786 2093 actu
800 2036 949 2092 transiens.

249 2129 354 2183 Verum
375 2126 544 2183 revelatione
563 2127 601 2183 ita
621 2136 745 2199 peracta,
768 2143 803 2183 an
820 2127 891 2184 forte
913 2125 1006 2183 omnia
1026 2125 1088 2182 ideo
1101 2124 1209 2197 expleta
1222 2123 1302 2182 sunt?
1314 2124 1357 2182 Aa

214 2219 373 2275 absolutum
392 2217 497 2273 Christi
515 2217 664 2275 revelantis
686 2216 773 2290 opus?
794 2218 836 2273 hu
853 2232 922 2288 quas
945 2216 1059 2272 tradidit
1077 2216 1208 2272 veritates
1227 2216 1358 2287 deinceps

214 2311 354 2365 missurus
372 2317 429 2373 est,
455 2323 502 2364 eas
520 2308 639 2364 lortunae
657 2317 706 2364 aut
724 2308 867 2364 hominum
888 2307 1003 2363 arbitrio
1021 2306 1100 2378 quasi
1116 2303 1297 2377 permittens‘.l
1315 2304 1357 2361 hu

214 2400 378 2471 priusquam
396 2414 412 2454 e
430 2398 515 2455 terris
532 2399 656 2456 discedat
672 2399 780 2455 nullum
798 2399 960 2455 conditurus
978 2406 1022 2454 est
1040 2397 1199 2453 institutum
1217 2412 1272 2467 quo
1290 2396 1357 2468 dog-

214 2499 289 2546 mata
309 2498 502 2560 praeceptaque
518 2505 534 2545 a
551 2505 582 2546 se
599 2489 723 2561 exposita
742 2489 772 2545 in
791 2499 935 2562 posterum
955 2489 1063 2561 integra
1076 2502 1108 2542 ac
1120 2502 1189 2558 pura
1203 2485 1357 2541 consistant

215 2579 402 2649 omnibusque
421 2579 581 2635 hominihus
597 2579 669 2635 tradi
683 2577 811 2650 possint?

251 2670 314 2726 Nisi
339 2669 392 2724 hoc
417 2669 515 2724 iecerit
539 2667 681 2735 Christus,
703 2685 774 2740 opus
794 2669 854 2740 ejus
875 2680 1050 2738 nequaquam
1078 2674 1110 2722 ut
1133 2681 1198 2723 vere
1216 2664 1357 2733 divinum,

215 2760 264 2816 sed
291 2765 323 2812 ut
346 2764 466 2827 systema
492 2756 643 2827 quoddam,
666 2760 828 2827 praeclarum
853 2757 978 2827 quidem,
1001 2763 1030 2811 at
1054 2771 1129 2813 mere
1151 2765 1244 2812 manen
1267 2755 1358 2827 philo·

216 2847 363 2920 saphicum
382 2854 410 2902 et
427 2845 580 2901 humanum
600 2846 751 2903 habeamus
773 2855 907 2917 oportet:
929 2847 957 2902 in
977 2847 1268 2918 praestantissimorum
1285 2848 1358 2903 anti-

216 2937 334 3013 quitatis
363 2936 593 3009 philosophorum
621 2938 743 3011 catalogo
774 2937 931 2993 censendus
962 2936 1038 2993 venit
1066 2937 1140 3009 ipse,
1163 2938 1236 2994 Deus
1266 2945 1359 2994 autem

217 3037 245 3084 et
264 3026 365 3082 dtrinae
390 3025 533 3098 religionis
557 3025 656 3081 artilex
678 3026 769 3098 putari
794 3027 905 3098 nequit,
928 3037 1128 3100 proptereaque
1152 3027 1359 3085 rationalismus

218 3132 331 3174 causam
347 3116 428 3187 plane
449 3114 551 3171 vicisse
568 3115 769 3174 existimandus
789 3127 841 3174 est.
864 3119 1003 3175 Plurimos
1025 3134 1104 3186 sane,
1128 3118 1360 3191 quemadmodum

218 3209 361 3274 Socrates,
384 3206 418 3263 ab
439 3206 572 3262 doctrinae
589 3221 622 3262 ac
642 3222 750 3263 morum
769 3209 956 3280 prestantium
979 3218 1076 3266 nactus
1093 3208 1176 3267 luerit
1194 3209 1359 3282 discipulos;

219 3298 268 3355 sed
294 3298 424 3369 quoniam
446 3297 552 3351 nnllam
574 3296 728 3353 instituerit
753 3299 946 3354 auctoritatem
968 3315 1077 3371 semper
1098 3299 1189 3356 vivam
1208 3314 1241 3355 ac
1267 3298 1360 3355 divina

218 3390 323 3445 virtute
337 3397 478 3461 agentem,
501 3386 626 3444 doctrina
645 3389 724 3458 ejus,
748 3397 779 3444 ut
799 3397 827 3444 et
844 3387 981 3454 Socratis,
1002 3391 1032 3445 in
1049 3390 1158 3446 scholas
1171 3389 1284 3461 quidem
1298 3389 1360 3461 phi-

219 3479 376 3551 losophicas
394 3479 512 3535 adscisci
533 3478 635 3550 poterit
651 3477 808 3550 ibidemque
827 3479 967 3534 enucleari
986 3488 1014 3535 et
1030 3479 1177 3551 explicari;
1194 3478 1361 3550 quinetiam

220 3584 299 3626 exea
319 3569 483 3640 quandoque
498 3568 572 3624 docti
593 3584 626 3624 ac
644 3569 760 3640 spectati
778 3569 830 3627 viri
844 3571 1008 3642 populorum
1029 3568 1144 3626 forsitan
1166 3584 1258 3625 mores
1270 3584 1362 3624 ernen-

220 3661 287 3716 dare
300 3675 332 3714 ac
350 3658 500 3714 informare
519 3659 682 3726 studebunt,
701 3660 775 3731 quod
788 3660 836 3717 illa
856 3660 926 3733 ipsis
943 3661 1067 3718 omnium
1086 3659 1267 3717 admiratione
1280 3659 1362 3733 digua

220 3751 281 3807 visa
307 3749 401 3816 suerit,
432 3757 474 3815 at,
504 3746 649 3804 deficiente
673 3750 852 3817 auctoritate,
877 3751 988 3816 decreta
1014 3751 1062 3807 illa
1086 3764 1224 3820 nusquam
1252 3748 1308 3804 nisi
1331 3756 1363 3804 ut

221 3841 336 3897 humani
350 3839 466 3914 ingenii,
481 3837 631 3909 quamlibet
642 3838 782 3908 praeclari,
798 3839 881 3896 loetus
894 3850 922 3896 et
935 3840 1007 3898 tradi
1020 3849 1048 3896 et
1061 3839 1165 3911 suscipi
1178 3847 1318 3911 poterunt.

259 3929 394 4002 Equidem
419 3930 443 3985 si
463 3927 596 4002 singulari
619 3927 727 3982 cuidam
750 3927 826 3996 viro,
849 3931 997 3986 autetiam
1017 3931 1122 4001 aliquot
1139 3929 1313 3998 hominibus,
1334 3928 1364 3983 in

222 4036 319 4077 eorum
338 4027 446 4075 tantum
459 4018 634 4074 commodum
650 4015 721 4073 lacta
738 4016 838 4072 suisset
856 4016 961 4074 Christi
978 4017 1125 4085 revelatio,
1137 4018 1216 4074 facile
1231 4032 1364 4088 assequor

222 4127 273 4167 cur
292 4119 319 4165 et
335 4125 399 4179 vera
418 4108 514 4164 haberi
535 4116 629 4180 posset
651 4116 679 4163 et
700 4106 806 4175 divina,
826 4108 952 4179 quamvis
969 4108 1163 4166 auctoritatem
1180 4108 1288 4163 firmam
1306 4119 1363 4160 non

223 4199 393 4256 condidisset
410 4215 463 4272 qua
482 4198 530 4253 illa
548 4207 706 4255 servaretur
725 4205 752 4254 et
770 4208 975 4274 propagaretur.
989 4199 1064 4256 Nihil
1083 4199 1185 4275 quippe
1202 4193 1362 4269 hujusmodi

223 4289 391 4364 postulasset
413 4306 444 4348 ca
470 4288 609 4348 revelatio.
636 4289 739 4346 Verum
763 4305 819 4348 non
845 4289 874 4346 in
900 4289 983 4349 unius
1008 4297 1057 4349 aut
1080 4290 1236 4363 aliquorum
1256 4293 1364 4342 mutum
