3150 5160
215 337 275 396 176
533 347 658 391 cinnor..
680 347 813 391 nunnoni
835 347 1031 393 oncanrsuus.

211 506 325 553 naturus
337 494 463 561 advenit,
480 493 576 550 itidem
596 508 711 549 necesse
727 502 771 549 est
791 508 847 549 non
864 493 1008 564 cujusdam
1027 493 1177 567 peculiaris
1195 493 1286 566 gentis
1305 495 1354 551 sed

215 587 341 644 omnium
365 585 508 643 hominurn
525 599 586 640 esse
599 600 661 655 quae
674 584 767 655 ipsius
779 583 855 640 vices
869 585 980 656 supplet
992 599 1119 657 opusque
1131 581 1241 656 perlicit
1259 583 1356 662 Eccle-¹

212 678 293 733 siarn.
325 676 355 732 ld
376 692 410 731 ex
437 674 627 745 superioribus
656 672 736 746 plane
761 675 957 746 consequitur,
978 690 1030 730 nce
1051 674 1086 730 ah
1108 674 1165 729 ullo
1191 671 1356 728 indubium

212 767 305 824 vocari
319 774 410 838 potest
424 765 492 837 quin
505 765 571 820 item
585 764 701 820 inficiari
715 781 769 820 non
784 774 912 821 vereatur
924 763 1028 820 Christi
1041 761 1219 820 revelationis
1232 762 1356 818 indolem

210 872 245 913 ae
265 871 393 926 scopum,
411 855 533 927 adeoque
549 856 583 910 ad
596 855 778 913 rationalismi
795 864 886 912 castra
899 854 1073 929 transfugiat.
1084 853 1243 910 Christiana
1255 852 1355 926 religio

211 945 249 1002 ad
261 960 358 1001 omncs
372 944 499 1001 homines
512 954 631 1016 spectat,
646 961 712 1012 nec,
727 955 758 1002 ut
770 947 902 1014 llosaica,
916 946 999 1003 unius
1013 944 1134 1018 regionis
1147 943 1250 999 tinibus
1263 943 1355 999 conti-

214 1045 311 1110 netur,
325 1036 502 1108 Evangelium
511 1037 588 1092 omni
599 1045 732 1093 creature
741 1037 945 1109 praedicandum
953 1037 1081 1109 jubetur;
1092 1034 1353 1091 Christusomniuut

214 1126 358 1183 hominum
373 1126 469 1182 doctor
487 1142 520 1182 ac
542 1126 711 1183 instaurator
723 1127 891 1200 agnoscitur.
917 1126 953 1183 Αι
967 1126 1050 1182 unius
1063 1125 1195 1182 Ecclesiae
1208 1134 1251 1182 est
1264 1125 1352 1181 Evan-

212 1217 316 1292 gelinm
335 1217 497 1289 praedicare;
521 1217 580 1290 ipsa
600 1218 671 1273 nihil
693 1218 768 1273 aliud
789 1228 832 1275 est
845 1234 928 1290 qnam
945 1217 1096 1274 christiana
1114 1216 1210 1290 religio
1229 1215 1351 1272 euterius

214 1306 323 1378 prodita
350 1306 468 1378 viroque
496 1307 652 1380 organismo
674 1308 789 1376 donata3
821 1307 949 1365 Christus
972 1323 1102 1381 peream
1123 1316 1230 1362 mutum
1253 1304 1348 1372 docet,

214 1395 371 1464 illuminat,
395 1397 521 1464 roborat,
549 1397 619 1470 regit
641 1405 724 1469 atque
746 1398 895 1463 instanrat;
919 1397 1082 1453 catholicam
1101 1411 1165 1470 ergo
1186 1410 1248 1452 earn
1267 1396 1349 1452 conli-

213 1496 321 1543 teamur
340 1496 458 1559 oportet.
480 1487 557 1544 Unus
574 1489 698 1544 omnium
716 1488 851 1545 mediator
873 1485 1015 1556 Christum
1039 1502 1094 1543 uua
1117 1487 1202 1560 igitur
1227 1485 1349 1543 omniurn

213 1577 342 1650 magistra
365 1591 398 1631 ac
419 1585 507 1632 mater
526 1577 659 1634 Ecclesia.

250 1666 307 1739 Age
325 1682 390 1723 vero
407 1682 443 1721 an
465 1666 589 1722 Ecclesia
611 1665 730 1724 deficere
750 1666 897 1739 aliquando
918 1675 1010 1738 potest
1031 1675 1059 1723 et
1077 1683 1093 1722 a
1114 1682 1180 1722 vero
1206 1663 1349 1721 aberrare?

212 1756 324 1813 Fierine
349 1773 470 1829 unquam
492 1767 628 1830 potestat
651 1774 683 1814 ea
702 1758 821 1816 intereat
837 1773 957 1830 veraque
977 1756 1120 1815 hominum
1142 1755 1273 1829 magistra
1291 1771 1350 1812 esse

211 1846 341 1905 desinat‘.l
360 1848 403 1904 An
425 1848 659 1921 quemadmodum
681 1849 816 1921 cujusque
836 1848 972 1922 regionis,
995 1849 1033 1905 ita
1052 1857 1080 1904 ει
1098 1847 1248 1919 cujuslibet
1263 1845 1350 1902 aetatis

212 1949 257 1996 est
278 1937 422 1996 Ecclesia?
446 1940 505 1996 nuo
531 1940 577 1995 hic
601 1939 764 1996 illustranda
789 1941 906 1996 veniunt
930 1956 1007 2012 quae,
1029 1938 1175 2012 quoniam,
1198 1952 1260 1994 mea
1279 1946 1351 1994 certe

212 2031 366 2098 sententia,
392 2030 514 2104 disjungi
539 2039 699 2102 nequeunt,
723 2030 806 2086 simul
824 2030 994 2086 constituere
1019 2030 1147 2086 studebo.

249 2122 316 2178 llaec
330 2130 423 2178 autem
437 2128 521 2176 sunt:
540 2121 618 2177 nullo
638 2129 761 2192 tempore
780 2121 933 2176 Ecclesiam
953 2136 1082 2178 occasum
1102 2119 1151 2187 iri,
1164 2132 1256 2189 neque
1271 2133 1350 2189 porro

215 2228 337 2283 unquam
350 2212 407 2267 salli
421 2227 503 2283 posse
518 2210 594 2278 .Quae
605 2211 716 2284 quidem
731 2211 861 2283 perfacile
877 2226 911 2268 ex
924 2212 1060 2267 hactenus
1077 2207 1227 2280 disputatis
1240 2207 1350 2264 conclu-

211 2302 327 2360 duntur.
346 2302 435 2373 Supra
457 2302 531 2357 enim
548 2302 670 2357 vidimus
691 2301 832 2358 Christum
855 2302 885 2357 in
905 2302 980 2357 huuc
996 2300 1131 2356 mundum
1148 2297 1275 2363 venisse,
1297 2311 1350 2353 non

213 2401 245 2448 nt
266 2393 340 2449 viam
364 2391 464 2447 luturae
493 2391 621 2463 cuiquam
645 2390 808 2448 revelationi
829 2399 980 2458 sterneret,
1003 2391 1032 2446 id
1055 2391 1157 2462 quippe
1179 2389 1228 2444 llei
1255 2387 1353 2443 Eilium

211 2482 401 2550 dedecuisset;
427 2483 476 2538 sed
503 2490 534 2538 ut
561 2482 718 2554 superiores
745 2482 888 2554 perliceret
916 2483 1127 2552 absolveretque
1157 2480 1352 2545 revelationes,

211 2588 329 2644 eamque
347 2572 459 2628 demum
476 2572 637 2646 religionem
661 2572 819 2629 institueret
838 2588 899 2644 quae
918 2571 1049 2628 adfinem
1063 2587 1152 2642 usque
1171 2571 1270 2626 mundi
1281 2580 1354 2628 esset

212 2673 431 2736 perseveratura.
461 2661 491 2718 ld
519 2663 603 2736 igitur
629 2672 729 2734 praeter
756 2663 809 2730 alia
837 2663 909 2719 bene
940 2662 1028 2718 multa
1055 2661 1159 2718 summi
1186 2659 1353 2717 discriminis

212 2755 330 2812 interest
350 2754 489 2826 judaicam
512 2753 584 2810 inter
606 2762 634 2809 et
652 2753 833 2810 christianam
852 2753 1015 2828 religionem
1043 2752 1117 2825 quod
1138 2753 1215 2825 prior
1230 2753 1265 2808 ad
1283 2752 1354 2810 viam

213 2843 371 2916 perfectiori
401 2844 552 2916 parandam
580 2844 644 2899 data
678 2842 786 2910 luerat,
816 2845 952 2917 posterior
982 2860 1067 2911 vero,
1100 2851 1195 2915 utpote
1226 2843 1353 2900 omnibus

214 2935 341 2990 numeris
351 2935 477 2990 absoluta
491 2933 670 3006 omniumque
683 2933 760 2999 linis,
774 2934 910 2990 terminus
923 2949 955 2989 ac
967 2934 1098 2990 ultimum
1111 2934 1354 3006 complementum,

214 3024 284 3080 nulli
302 3025 383 3081 alteri
402 3027 455 3081 iter
474 3034 553 3097 parat
571 3041 622 3081 nec
648 3040 745 3097 parare
758 3033 868 3097 potest;
894 3024 1022 3083 Christus
1041 3024 1102 3080 heri
1125 3033 1153 3081 ct
1175 3025 1258 3082 hodie
1281 3025 1354 3082 etin

215 3113 324 3170 saecula.
338 3113 408 3168 ilinc
428 3130 460 3170 eo
482 3123 591 3170 tanturn
614 3114 747 3188 temporis
767 3115 856 3187 spatio
877 3125 950 3171 stare
971 3115 1089 3172 debebat
1105 3114 1261 3187 judaeorum
1276 3132 1355 3190 syna·

212 3219 300 3279 goga,
321 3203 410 3260 donec
429 3203 557 3260 Christus
582 3205 738 3270 adveniret3
764 3204 893 3276 quoniam
921 3221 985 3263 vero
1013 3205 1123 3262 llomini
1145 3206 1238 3262 locum
1264 3206 1355 3263 nullus

214 3294 345 3367 deinceps
363 3293 505 3368 religionis
523 3295 649 3352 conditor
674 3304 717 3352 εει
742 3305 925 3368 excepturus,
951 3306 1086 3353 aeternum
1105 3307 1217 3354 maneat
1242 3314 1356 3355 necesse

212 3395 257 3444 est
278 3385 340 3458 ejus
354 3385 487 3442 Ecclesia.
512 3386 642 3443 Ecclesiae
660 3388 831 3458 perpetuitas
853 3402 918 3443 curn
939 3387 1029 3460 ipsius
1044 3387 1148 3444 Christi
1165 3404 1198 3444 ac
1215 3389 1357 3463 religionis

212 3478 372 3534 christianae
395 3477 581 3550 perpetuitate
601 3477 790 3534 confunditur.
810 3478 997 3546 Quamobrem
1018 3477 1153 3536 adfinem
1167 3495 1258 3551 usque
1270 3495 1356 3537 secu-

212 3569 316 3637 lorum,
343 3566 586 3625 instaurandorum
616 3569 781 3641 populorum
806 3567 906 3624 artilex
929 3578 957 3625 et
981 3567 1039 3626 dun
1063 3569 1213 3627 habebitur
1233 3586 1288 3628 una
1309 3572 1356 3629 illa

213 3668 241 3715 et
263 3658 397 3716 catholica
416 3656 550 3714 Ecclesia.

249 3748 337 3816 Quam
354 3749 467 3821 quidem
489 3748 524 3804 ob
543 3761 655 3802 causam
674 3747 733 3804 haec
751 3747 781 3804 in
803 3763 899 3805 eorum
917 3750 1009 3807 animo
1032 3751 1082 3822 qui
1102 3749 1214 3808 Christo
1236 3767 1301 3808 vere
1314 3749 1356 3806 in·

213 3840 318 3897 haerent
338 3843 394 3897 alte
413 3842 517 3898 insidet
536 3837 668 3909 omnique
684 3848 764 3896 aetate
786 3840 889 3897 insedit
907 3842 1064 3914 persuasio,
1081 3843 1154 3898 nihil
1176 3860 1212 3899 ex
1229 3843 1355 3916 quantis·

211 3948 332 4003 cumque
353 3948 448 3988 rerum
466 3933 650 3987 humanarum
666 3931 923 4002 perturbationibus
950 3933 1081 3990 Ecclesia
1103 3934 1356 4006 pertimescendum

212 4040 287 4091 esse,
307 4021 368 4079 fieri
386 4022 488 4095 quippe
507 4038 563 4079 non
582 4035 663 4092 posse
674 4028 704 4076 ut
714 4035 746 4076 ea
766 4038 889 4094 uuquam
908 4023 1030 4080 emedio
1049 4025 1174 4094 tollatur;
1196 4026 1282 4098 hujus
1302 4025 1357 4081 sci·

211 4113 277 4170 licet
289 4111 482 4184 perpetuitatis
494 4112 579 4183 probe
593 4126 703 4183 semper
716 4111 770 4167 sibi
783 4113 893 4169 conscia
908 4121 950 4169 est
962 4114 1094 4171 Ecclesia.

248 4203 318 4260 Cum
334 4202 387 4258 hac
403 4216 486 4274 porro
504 4202 635 4258 Ecclesiae
652 4203 852 4274 perpetuitate,
870 4221 953 4276 quam
976 4205 1056 4262 multi
1075 4205 1198 4279 theologi
1217 4206 1357 4262 catltolici-

211 4301 292 4351 tatem
305 4295 433 4365 temporis
454 4292 608 4363 appellant,
629 4309 766 4366 quamque
780 4294 842 4353 ideo
852 4295 886 4350 ad
902 4295 1098 4354 catholicitatis
1110 4306 1203 4355 notam
1219 4295 1358 4365 referunt,
