3166 5168
601 357 778 401 urncnnmns
800 358 982 404 nnnmnnsrs.
1315 347 1354 406 95

214 502 381 559 versalitatis
398 512 473 568 nota,
491 503 634 560 retinenda
653 518 768 574 prorsus
786 504 947 576 antiquitas.
961 504 1048 577 Cujus
1066 505 1178 578 quidem
1191 505 1232 562 rei
1244 505 1353 582 insigne

214 593 306 666 prodit
318 595 475 666 exemplum
493 593 594 650 Ariana
613 594 740 660 haeresis,
760 610 821 665 quae
840 614 855 647 u
870 611 942 666 pene
954 595 1049 653 orbem
1070 605 1160 653 totum
1180 597 1353 655 contamina-

213 693 301 741 verat.
315 703 330 737 n
344 684 427 756 Atqui
447 686 499 741 hao
516 692 709 757 tempestate«
725 683 853 756 quisquis
871 700 955 741 verus
972 684 1075 741 Christi
1095 695 1202 743 amator
1218 695 1246 744 et
1263 688 1353 744 cultor

215 775 322 843 extitit,
347 776 489 847 antiquam
515 775 599 830 fidem
628 774 743 830 novellae
770 774 892 844 perfidiae
922 774 1108 847 praeferendo,
1133 777 1209 832 nulla
1234 777 1353 850 contagii

215 866 304 938 ipsius
317 876 394 938 peste
405 867 558 923 maculatos
571 873 615 922 est
630 863 713 938 (1).»
725 863 812 932 Alibi,
824 874 1037 923 commemorata
1051 883 1083 922 ea
1095 883 1157 939 quae
1169 867 1203 923 de
1216 867 1353 939 baptismo

215 959 250 1014 ab
268 958 407 1014 haereticis
431 959 530 1014 collato
556 957 728 1028 Stephanum
749 955 823 1010 inter
844 963 873 1010 et
896 953 1064 1028 Cyprianum
1092 957 1231 1027 quondam
1259 966 1353 1012 exorta

215 1058 259 1105 est
278 1049 484 1112 controversia,
502 1047 531 1103 iu
550 1048 625 1102 huno
643 1046 756 1102 modum
774 1044 935 1101 concludit:
951 1065 966 1097 u
980 1045 1048 1114 Quis
1068 1061 1132 1119 ergo
1152 1054 1212 1101 tum
1230 1046 1353 1103 universi

216 1138 320 1213 negotii
336 1135 447 1194 exitus‘l
460 1135 528 1204 Quis
546 1137 641 1207 ntique
662 1135 718 1191 nisi
736 1135 856 1193 usitatus
871 1145 899 1192 et
917 1134 1035 1192 solitus?
1054 1137 1171 1193 Retenta
1188 1145 1231 1193 est
1247 1136 1355 1194 scilieet

215 1227 380 1300 antiquitas,
394 1226 506 1297 explosa
525 1226 632 1282 novitas
647 1223 731 1300 (ihu

253 1318 288 1373 Et
304 1333 370 1374 vero
389 1317 464 1372 nulla
482 1316 588 1372 ratione
607 1315 649 1371 ias
666 1331 729 1371 esse
748 1323 839 1386 potest
858 1331 980 1387 unquam
996 1316 1100 1389 aliquid
1120 1317 1220 1373 addere
1239 1326 1287 1375 aut
1304 1317 1353 1375 de·

215 1408 328 1464 trahere
346 1407 519 1481 dogmatibus
532 1407 566 1462 ab
579 1405 659 1462 initio
680 1405 789 1461 traditis
809 1421 816 1460 :
833 1423 848 1458 o
866 1405 1037 1464 hdnuntiare
1054 1422 1119 1481 ergo
1137 1408 1243 1481 aliquid
1263 1409 1353 1466 chris-

215 1497 300 1554 tianis
322 1497 466 1554 catholicis
485 1506 585 1569 praeter
603 1497 632 1553 id
651 1496 723 1568 quod
742 1507 921 1569 aeceperunt,
941 1514 1082 1570 nunquam
1101 1498 1195 1566 licuit,
1216 1515 1353 1571 nusquam

216 1589 298 1656 licet,
318 1603 459 1659 nunquam
473 1587 568 1643 licebit
582 1583 641 1661 (ὅ).
657 1587 832 1642 »Rationem
849 1596 942 1643 autem
961 1603 1012 1644 our
1028 1604 1164 1660 nusquam
1178 1590 1260 1646 liceat
1272 1590 1354 1661 quid-

216 1696 300 1752 quam
319 1679 348 1735 in
367 1679 500 1753 religione
517 1679 665 1734 immutare
684 1678 827 1750 praeclare,
847 1693 923 1735 more
942 1694 1005 1740 suo.
1025 1680 1126 1736 evolvit
1138 1688 1250 1747 auotor;
1270 1696 1353 1752 quam

216 1771 329 1842 quidem
341 1771 371 1826 in
388 1786 419 1826 eo
433 1771 514 1826 sitam
528 1784 591 1826 esse
605 1769 659 1836 ait,
672 1769 745 1841 quod
759 1769 854 1842 religio
867 1769 901 1826 ab
915 1770 975 1840 ipso
985 1771 1041 1825 Deo
1052 1768 1136 1824 inerit
1150 1769 1283 1836 revelata,
1297 1784 1354 1825 non

216 1861 251 1916 ab
268 1861 381 1918 homine
394 1860 513 1917 condita.
531 1859 577 1914 Sic
595 1875 659 1932 ergo
675 1859 704 1914 in
717 1859 862 1916 haereticos
880 1860 928 1931 qui
942 1870 1075 1931 perpetuo
1088 1859 1209 1932 antiquae
1221 1860 1354 1916 doctrinae

216 1953 342 2024 deposito
354 1951 459 2023 aliquid
468 1951 759 2021 adjiciuntdemuntve
770 1950 910 2006 invehitur
922 1966 929 2006 ε
941 1969 955 2003 u
966 1950 1051 2018 Quasi
1061 1965 1116 2006 uon
1130 1952 1243 2007 coeleste
1253 1951 1353 2024 dogma

216 2043 254 2099 sit
266 2042 339 2115 quod
355 2043 442 2098 semel
455 2042 605 2098 revelatum
619 2056 681 2097 esse
693 2039 825 2106 sufficiat,
839 2040 888 2096 sed
901 2049 1012 2096 terrena
1031 2040 1185 2109 institutio,
1199 2058 1261 2113 quae
1272 2041 1354 2098 aliter

216 2133 312 2206 perlici
324 2133 379 2188 nisi
392 2133 504 2188 assidua
522 2132 731 2197 emendatione,
744 2131 829 2186 immo
843 2132 935 2202 potins
953 2131 1169 2201 reprehensione
1181 2147 1237 2187 non
1250 2131 1353 2202 possit,

216 2240 280 2281 eum
293 2223 386 2280 divina
404 2224 525 2279 clament
538 2223 648 2280 oracula
665 2238 720 2278 :ne
737 2220 887 2278 transieras
906 2221 1039 2277 terminos
1051 2237 1122 2292 quos
1138 2229 1292 2292 posuerunt
1304 2237 1354 2292 pa·

217 2323 274 2370 tres
284 2313 325 2370 tui
342 2311 401 2388 (l);
415 2303 490 2369 -et
503 2313 572 2369 illud
591 2312 785 2385 apostolicum,
800 2328 855 2383 quo
868 2327 964 2367 omnes
976 2311 1099 2367 omnium
1112 2312 1254 2369 haereseon
1267 2312 1355 2368 scele-

216 2413 283 2460 ratae
301 2403 439 2460 novitates
456 2405 533 2460 velut
553 2405 673 2476 quodam
697 2403 816 2474 spiritali
837 2402 927 2477 gladio
947 2418 1020 2475 saepe
1038 2411 1172 2459 truncatae
1189 2416 1354 2473 semperque

216 2496 377 2552 truncandae
397 2504 464 2551 sunt
483 2512 490 2551 :
509 2512 525 2552 o
543 2496 701 2562 Timothee,
724 2494 881 2566 depositum
904 2494 1011 2551 custodi
1029 2492 1084 2568 (5).
1105 2513 1120 2546 n
1139 2494 1169 2549 ln
1191 2494 1251 2549 haee
1272 2509 1353 2564 porro

216 2586 367 2656 apostolica
379 2587 462 2643 verba
472 2586 635 2642 concinnam
647 2595 721 2641 certe
734 2594 762 2640 et
775 2584 904 2640 eximiam
914 2584 1075 2640 Vincentius
1088 2584 1160 2639 hanc
1172 2583 1268 2654 adjicit
1280 2598 1354 2639 oom-

216 2677 415 2732 mentationem
431 2691 467 2731 :u
482 2674 553 2742 Quid
567 2688 611 2730 est
628 2677 799 2744 depositum?
815 2675 844 2730 ld
861 2683 916 2741 est,
930 2674 1003 2745 quod
1014 2674 1065 2730 tibi
1078 2674 1214 2729 creditum
1227 2682 1284 2739 est,
1298 2688 1354 2729 non

216 2765 290 2834 quod
303 2780 319 2819 a
332 2773 359 2820 te
374 2766 532 2830 inventum;
552 2763 625 2834 qnod
643 2765 789 2834 accepisti,
809 2780 865 2820 uon
880 2765 952 2834 quod
966 2764 1143 2837 excogitasti3
1163 2780 1222 2820 rem
1236 2779 1291 2819 non
1309 2764 1354 2819 in-

215 2855 307 2928 genii,
321 2855 370 2911 sed
383 2853 530 2919 doctrinae;
553 2867 608 2907 non
627 2853 816 2923 usurpationis
832 2854 959 2925 privatae,
979 2853 1028 2909 sed
1045 2854 1160 2923 publico
1179 2854 1354 2921 traditiooie5

216 2960 275 3000 rem
295 2945 330 3000 ad
351 2952 378 2999 te
396 2943 569 3015 perductam,
590 2958 646 2999 non
660 2958 676 2997 a
689 2952 717 2999 te
731 2943 881 3014 prolatam;
895 2943 923 2997 in
937 2959 990 3014 qua
1003 2960 1057 3001 non
1071 2953 1166 3000 auctor
1178 2943 1263 3002 debes
1276 2960 1353 3012 esse,

216 3035 265 3092 sed
279 3045 387 3103 eustos3
402 3050 456 3090 non
470 3034 626 3100 institutor,
641 3033 688 3089 sed
707 3042 840 3100 sectator3
855 3048 910 3089 non
927 3034 1047 3100 ducens,
1062 3035 1110 3090 sed
1123 3051 1251 3107 sequens.
1271 3035 1356 3106 llapo-

214 3127 314 3193 eitum,
329 3125 433 3196 inquit,
453 3126 557 3179 custodi
571 3142 579 3177 .·
593 3124 735 3180 catholicae
753 3122 816 3179 tidei
834 3124 968 3180 talentum
985 3125 1147 3182 inviolatum
1161 3127 1354 3199 illibatumque

215 3232 356 3272 conserva.
368 3215 447 3283 Quod
461 3215 512 3270 tihi
526 3215 677 3280 creditum,
692 3216 744 3271 hoo
757 3230 842 3287 penes
862 3225 889 3272 te
902 3226 1023 3283 maneat,
1041 3218 1122 3273 hoca
1134 3227 1162 3274 te
1175 3219 1348 3274 tradatur...

215 3307 400 3373 o'limothee,
416 3321 432 3361 o
446 3306 588 3373 sacerdos,
604 3322 620 3362 o
634 3314 777 3372 tractator,
791 3321 807 3361 o
820 3306 929 3362 doctor.
940 3347 965 3362 ..
989 3307 1125 3378 pretiosas
1138 3306 1354 3380 divinidogma-

215 3398 253 3454 tis
270 3413 392 3471 gemmas
410 3397 542 3469 exsculpe
562 3394 798 3469 (conjungendum
817 3395 898 3452 docet
910 3398 1028 3450 seientia
1047 3394 1201 3467 proiectum
1214 3411 1277 3450 oum
1289 3397 1354 3464 (idei

213 3485 471 3560 immutabilitate),
488 3487 607 3544 fideliter
627 3495 737 3557 coapta,
756 3485 859 3543 adorna
879 3487 1033 3557 sapienter,
1056 3485 1145 3555 adjice
1163 3485 1352 3557 splendorem,

215 3575 346 3648 gratiam,
364 3584 547 3632 venustatem.
566 3576 738 3650 intelligatur
751 3584 779 3632 te
790 3585 945 3648 exponente
957 3575 1097 3632 illustrius
1115 3575 1188 3647 qnod
1204 3583 1269 3630 ante
1288 3575 1352 3632 obs-

216 3666 312 3723 curius
329 3666 503 3723 credebatur.
522 3667 575 3724 Per
595 3675 623 3724 te
644 3666 793 3740 posteritas
812 3667 984 3726 intellectum
1005 3669 1173 3744 gratuletur,
1196 3668 1270 3739 quod
1288 3675 1352 3724 ante

248 3896 333 3962 (rte.
348 3900 373 3945 r.

250 3977 373 4042 (atne.

248 4058 369 4122 (moa

250 4141 294 4205 (a)
305 4144 380 4191 rrov.
394 4143 468 4192 xxrr.

250 4223 387 4288 (aponi.
