3150 5160
222 335 282 401 908
619 348 658 393 nn
679 349 773 393 sacua
795 348 973 394 scarorum.

218 513 280 570 quae
289 495 337 552 bei
349 495 424 552 vices
434 495 463 551 in
473 495 555 552 terris
568 493 713 566 supplebat
724 494 858 551 memhris
867 495 1028 552 auctoribus
1038 506 1105 553 suut
1117 497 1247 569 proiecti,
1261 499 1364 557 eidem'-

218 605 273 661 que
292 585 458 652 concrediti,
476 595 559 657 atque
576 585 611 640 ab
626 600 658 641 ca
678 593 819 656 tamquam
838 587 884 640 cui
897 586 1052 642 conservati
1065 603 1098 643 ac
1110 600 1244 660 perpetuo
1262 590 1362 659 habiti;

219 679 336 753 proinde
351 678 386 733 ab
400 677 536 743 Ecclesia,
550 692 612 747 quae
625 690 700 730 nunc
713 674 847 746 temporis
856 676 1009 732 christiana
1022 676 1126 733 dicitur
1142 687 1170 734 et
1182 688 1238 746 est,
1251 691 1363 738 auctore

219 769 322 827 conditi
341 776 406 824 sunt
427 767 608 838 ejusdemque
630 781 753 836 semper,
781 775 876 838 utpote
901 767 1036 834 auctoris,
1063 768 1257 839 perstiterunt.
1283 769 1361 837 Quod

218 861 330 934 quidem
352 868 379 915 et
401 874 435 914 er
453 858 508 913 alio
530 857 620 928 capite
638 872 736 912 verum
760 856 976 913 demonstratur.
991 857 1065 926 Quid
1091 857 1195 931 igitur?
1214 859 1360 915 Sacrorum

218 953 353 1008 librorum
370 958 466 1005 auctor
483 947 631 1019 primarius
651 947 714 1017 quis
732 955 775 1002 est
791 946 846 1002 nisi
867 946 988 1019 Spiritus
1004 956 1129 1014 sanctus,
1144 948 1224 1019 cujus
1236 949 1320 1005 verba
1333 960 1361 1005 et

217 1040 328 1113 eloquia
351 1036 432 1095 suut?
457 1037 492 1093 ht
514 1036 667 1093 Ecclesiam
690 1052 752 1093 esse
775 1035 898 1108 Spiritus
921 1037 1003 1094 Verbi
1025 1037 1162 1094 incarnati
1183 1039 1309 1110 adeoque
1332 1051 1360 1096 et

216 1130 336 1203 Spiritus
360 1127 451 1184 Patris
474 1127 568 1184 virum
587 1143 619 1183 ac
642 1127 838 1184 intemeratum
862 1143 998 1200 organum
1025 1144 1108 1200 snpra
1133 1129 1358 1186 monstravimus.

216 1220 269 1278 Ubi
292 1234 356 1292 ergo
378 1217 549 1288 Scripturam
574 1217 773 1289 iuterpretatur
798 1218 935 1285 Ecclesia,
958 1218 1019 1291 ipsc
1041 1227 1083 1274 est
1104 1218 1224 1290 Spiritus
1247 1230 1359 1276 sanctus

217 1311 265 1383 qui
283 1308 368 1379 hujus
387 1322 434 1364 ore
452 1307 586 1378 scriptum
610 1322 626 1361 a
648 1323 679 1363 se
701 1307 836 1364 dictatum
859 1308 978 1380 explicat
996 1318 1078 1381 atque
1097 1309 1199 1380 aperit;
1219 1325 1274 1382 quo
1294 1312 1359 1382 quid

217 1401 310 1473 potius
323 1398 461 1455 rectiusve
475 1398 588 1472 cogitari
602 1395 712 1469 potest?

253 1492 426 1563 Quapropter
446 1490 700 1562 quomodocumque
720 1504 779 1545 rem
807 1488 1041 1557 consideraveris,
1062 1489 1163 1545 divinae
1181 1491 1358 1548 revelationis

216 1583 326 1638 decreta
344 1596 405 1652 quae
424 1580 452 1634 in
472 1578 624 1649 Scripturis
643 1588 795 1635 occurrunt
816 1579 888 1635 nihil
904 1579 1016 1634 demum
1033 1577 1109 1635 aliud
1125 1595 1188 1636 esse
1207 1581 1358 1651 probantur

216 1689 300 1745 qnam
315 1670 465 1744 peculiaria
485 1669 611 1741 quaedam
630 1669 763 1725 doctrinm
781 1670 871 1742 capita
890 1670 925 1725 ab
943 1669 1065 1725 Ecclesia
1082 1669 1120 1725 ibi
1137 1670 1246 1742 prodita
1264 1687 1271 1725 :
1292 1672 1357 1742 quid

216 1780 281 1838 ergo
301 1763 401 1819 mirum
416 1776 476 1818 eam
493 1769 586 1816 vetare
600 1776 635 1815 ue
653 1759 701 1815 illa
715 1760 906 1834 intelligantur
918 1771 1015 1816 contra
1027 1775 1141 1816 sensum
1161 1777 1245 1833 quem
1258 1762 1357 1819 iisdem

217 1852 348 1925 subjicit?
362 1852 415 1908 Sua
433 1860 498 1907 sunt
516 1859 543 1906 et
558 1866 573 1906 a
588 1866 618 1906 se
631 1849 767 1922 prolecta,
782 1867 831 1907 cur
844 1867 907 1924 ergo
926 1854 1046 1922 apriort'
1063 1868 1117 1908 non
1131 1852 1228 1908 salsam
1245 1853 1357 1911 haberet

216 1944 343 2018 quamvis
364 1941 620 2013 interpretationem
645 1955 702 1996 suae
726 1939 944 2015 repugnantem?
964 1942 1054 1998 Dubio
1072 1944 1169 2014 procul
1182 1945 1241 2000 haec
1259 1946 1355 2018 agendi

216 2037 287 2093 ratio
305 2035 415 2106 abipsa
433 2048 526 2087 rerum
549 2040 648 2087 natura
670 2039 768 2103 sponte
785 2029 848 2087 ssuit
868 2046 984 2102 eamque
1005 2034 1163 2090 necessario
1182 2035 1255 2091 inire
1274 2035 1354 2093 debet

216 2126 339 2184 Ecclesia
355 2122 415 2199 (l).

252 2217 319 2286 Quae
332 2231 414 2289 porro
432 2213 524 2271 omnia
545 2213 569 2269 si
589 2213 674 2285 probe
689 2220 849 2279 teneantur,
865 2212 969 2284 liquido
990 2229 1057 2270 sane
1069 2214 1208 2271 constabit
1222 2230 1354 2272 canonem

213 2309 295 2365 illum
314 2321 462 2380 exegeseos
487 2320 503 2359 a
525 2304 685 2359 Tridentina
709 2303 812 2376 synodo
836 2311 983 2370 statutum,
1006 2320 1144 2376 quemque
1162 2313 1203 2361 tot
1221 2314 1250 2360 et
1272 2306 1355 2362 tantis

212 2395 456 2456 criminationibus
476 2393 614 2466 exagitare
631 2392 722 2448 solent
742 2392 909 2460 adversarii,
938 2394 1007 2450 adeo
1030 2395 1189 2451 christianae
1213 2396 1354 2470 religionis

212 2489 300 2546 indoli
315 2504 348 2544 ac
363 2485 510 2559 principiis
528 2498 693 2549 consonare,
709 2490 740 2537 ut
756 2483 853 2554 repelli
872 2492 992 2555 nequeat
1009 2485 1077 2556 quin
1093 2487 1272 2557 perturbetur
1288 2504 1351 2545 con-

213 2581 388 2652 vellaturque
404 2586 480 2633 totus
493 2573 693 2630 christianismi
707 2573 889 2645 organismus.
910 2571 1009 2629 Omnia
1028 2591 1111 2647 quam
1128 2578 1286 2634 arctissime
1305 2594 1351 2635 co-

213 2672 320 2727 haerent
339 2670 367 2725 in
384 2668 479 2726 divino
497 2665 639 2731 instituto,
656 2673 684 2719 et
703 2663 750 2719 uhi
769 2663 939 2735 quidpiame
956 2664 1015 2721 loco
1028 2665 1170 2724 dimovere
1189 2669 1351 2736 tentareris,

212 2762 317 2833 reliqua
343 2759 426 2816 etiam
450 2754 629 2821 dissolveris;
658 2763 740 2825 atque
765 2754 831 2810 hinc
855 2755 910 2811 nisi
935 2755 1058 2830 regulam
1084 2757 1166 2812 istam
1191 2758 1350 2826 admiseris,

213 2852 365 2909 Ecclesiam
381 2848 491 2921 rejicias
506 2853 628 2918 oportet;
649 2860 702 2916 qua
722 2845 829 2901 sublata
843 2845 948 2901 corruit
961 2846 1200 2913 christianismus,
1215 2848 1263 2920 qui
1275 2849 1351 2905 dein-

212 2959 277 3014 ceps
290 2943 319 2998 iu
332 2940 511 3012 antiquorum
531 2945 712 3009 systematum
732 2936 987 3008 philosophicorum
1003 2937 1125 3012 catalogo
1138 2938 1175 2994 sit
1185 2940 1349 2996 censendus.

211 3032 279 3087 Inde
294 3029 458 3104 intelligitur
476 3043 526 3083 cur
543 3035 732 3098 protestantes
751 3025 805 3098 ipsi
825 3026 950 3082 eamdem
963 3026 1040 3081 illam
1052 3027 1124 3083 viam
1137 3027 1186 3083 diu
1199 3030 1349 3096 tenuerint,

210 3121 390 3193 prohibentes
408 3136 443 3176 ne
460 3119 524 3192 quis
540 3129 637 3175 contra
658 3117 847 3191 symbolorum
860 3132 893 3172 ac
905 3116 1109 3174 confessionum
1122 3117 1186 3175 fidei
1198 3120 1351 3176 doctrinam

212 3211 368 3283 Scripturas
384 3209 561 3280 interpretari
583 3209 708 3264 auderet.
727 3207 851 3265 Proiecto
872 3209 924 3264 hac
936 3209 1043 3265 ratione
1059 3218 1153 3280 aperte
1167 3225 1262 3265 secum
1285 3227 1352 3285 pug-

211 3301 313 3357 nabant
331 3299 495 3370 nullumque
512 3299 623 3355 omnino
640 3299 687 3369 jus
708 3299 774 3355 talia
791 3300 931 3357 statuendi
950 3299 1019 3372 ipsis
1037 3308 1109 3366 erat;
1128 3308 1239 3356 atvero
1259 3301 1351 3359 Eccle-

212 3391 261 3448 siae
282 3391 416 3463 speciem,
435 3390 552 3446 veritate
565 3389 674 3456 relicta,
688 3390 851 3446 seruandam
869 3389 1026 3448 sentiebant
1039 3398 1067 3445 et
1083 3406 1133 3462 per
1147 3407 1208 3447 eam
1222 3393 1352 3450 christia-

211 3482 335 3539 nismum
356 3481 588 3553 qualemcumque
606 3481 771 3547 tenendum,
791 3482 864 3552 quod
885 3481 939 3535 alia
961 3479 1082 3536 richeri
1105 3497 1160 3537 non
1179 3497 1262 3553 posse
1281 3485 1351 3540 bene

211 3582 354 3628 noverant.
388 3571 432 3628 Sic
460 3571 589 3627 Buddeus
622 3570 811 3643 professorum
839 3570 1034 3628 Universitatis
1061 3571 1216 3629 litterarum
1226 3574 1351 3634 lenensis

212 3661 329 3731 primam
346 3660 381 3717 de
399 3675 477 3716 sacra
491 3660 634 3732 Scriptura
652 3661 823 3731 explananda
838 3660 961 3734 regulam
974 3661 1059 3717 refert
1075 3662 1242 3721 bisrerbis:
1259 3666 1351 3724 «Sitr-

212 3751 352 3822 guitberte
371 3752 557 3822 perspiciunt,
580 3756 611 3805 ut
626 3753 759 3820 repositio
778 3753 901 3807 ommium
917 3753 1036 3807 iocorum
1056 3768 1117 3808 cum
1137 3755 1267 3826 analogia
1287 3758 1351 3826 fidei

212 3847 237 3896 ct
262 3843 472 3909 confessioribus
498 3840 622 3898 Ecclecie
643 3847 741 3897 nostre
762 3845 923 3900 convectarat
950 3842 1008 3918 (h).
1032 3862 1046 3895 u
1072 3842 1138 3910 Quae
1159 3844 1254 3918 regula
1275 3845 1350 3902 idem

243 4010 286 4077 (l)
299 4007 420 4071 Quocirca
437 4019 504 4062 recte
520 4011 556 4064 ait
572 4012 677 4064 bloehler
692 4031 698 4064 :
713 4030 728 4063 tr
740 4013 811 4066 hinsi
826 4013 985 4082 l’obligation
1003 4031 1053 4082 que
1069 4005 1169 4082 l’Eglise
1188 4015 1286 4084 impose
1301 4035 1352 4070 aux

210 4090 291 4151 siens,
309 4088 340 4140 de
357 4097 488 4142 retrouver
508 4091 570 4144 dans
585 4086 721 4146 l’Ecriture
739 4112 777 4146 ses
794 4095 897 4164 dogmes
916 4104 941 4147 et
964 4112 991 4147 sa
1010 4096 1120 4158 morale,
1142 4103 1180 4147 est
1194 4097 1285 4150 londt'ee
1305 4116 1353 4152 sur

209 4173 235 4223 la
250 4173 350 4231 raison,
366 4186 411 4222 sur
422 4171 540 4224 l'essence
551 4177 633 4226 meme
644 4175 687 4227 des
701 4177 796 4229 choses.
806 4197 821 4230 n
832 4181 941 4244 Sporbol.
955 4179 996 4230 ch.
1008 4181 1043 4241 V,
1056 4179 1070 4246 5
1082 4183 1129 4241 42,
1143 4185 1204 4229 tom.
1218 4179 1255 4241 ll,
1269 4197 1295 4248 p.
1308 4187 1350 4232 ⁴5.

242 4255 288 4320 (2)
305 4259 404 4320 lrcpope
415 4257 472 4306 hist.
482 4255 553 4305 theol.
566 4272 591 4323 p.
605 4261 678 4307 1354.
