3150 5160
269 332 307 374 nn
321 331 474 375 scnrrron.
490 331 639 375 nocrnrua
655 332 690 374 nr
705 331 990 374 rnrnnnnnrarroun.
1131 317 1194 378 205

56 509 61 513 ·
96 491 227 562 Quocirca
243 492 307 564 plus
327 509 405 564 aequo
423 492 591 549 adversariis
613 493 768 567 largiuntur
784 509 836 549 nec
854 509 1016 567 germanum
1036 496 1200 565 quaestionis

34 592 160 638 statum
180 583 248 639 satis
266 593 394 639 accurate
414 583 528 640 definire
548 584 679 639 uidentur
702 583 823 657 theologi
850 583 910 655 qui,
933 592 963 639 ut
986 587 1200 655 protestantium

39 673 280 744 principiorum
299 673 504 745 Scripturarum
524 674 721 745 perspicuitate
742 673 881 740 refellant,
902 674 930 728 id
949 683 1055 729 tantum
1070 688 1155 749 agunt
1171 691 1204 735 ut

43 764 175 833 probare
199 764 328 820 studeant
351 764 521 835 Scriptorum
543 780 599 819 non
621 780 683 819 esse
704 781 752 835 per
772 779 802 819 se
824 773 881 818 tarn
903 764 1005 818 claram
1028 775 1055 820 at
1077 778 1201 837 apertam

48 870 142 926 quam
155 855 197 910 illi
212 855 354 926 jactitant,
371 855 419 909 scd
436 854 463 909 in
477 854 605 925 pluribus
619 856 765 910 obscuram
776 863 804 908 et
817 854 957 909 intellectu
976 853 1131 923 difficilem,
1143 858 1201 914 dis-

50 947 185 1018 tinguere
198 955 289 1001 autem
304 962 359 1000 non
373 954 470 1001 curant
483 946 530 1000 illa
548 961 609 1016 quaa
623 947 703 1002 modo
722 946 921 1000 iudicabamus.
936 945 1068 1016 Equidem
1088 962 1141 1002 non
1156 963 1201 1003 me

56 1036 129 1109 fugit
151 1053 212 1092 eam
235 1037 308 1093 viam
328 1036 429 1107 saepius
448 1051 463 1089 a
482 1035 618 1105 theologis
639 1035 736 1091 initam
761 1035 862 1102 luisse,
883 1036 953 1106 quod
979 1052 1008 1091 re
1026 1053 1089 1091 vera
1113 1046 1140 1092 et
1170 1040 1201 1094 de

59 1127 143 1195 sacto,
168 1135 198 1181 ut
220 1127 313 1193 aiunt,
336 1135 521 1198 protestantes
547 1126 662 1198 perinde
688 1143 719 1181 ac
744 1126 871 1182 catholici
898 1127 1048 1182 christiana
1075 1129 1200 1202 dogmata

61 1215 167 1271 discere
180 1217 270 1271 solent
284 1226 363 1271 antea
376 1232 458 1287 quam
471 1215 627 1287 Scripturas
647 1216 777 1289 legendas
795 1217 947 1288 accipiant;
967 1218 1088 1284 sedhic,
1103 1236 1201 1290 quem-

61 1306 206 1362 admodum
227 1307 380 1362 incaeteris
402 1307 547 1372 omnibus,
568 1305 764 1376 inquirendum
784 1315 827 1361 cst
849 1307 875 1361 in
895 1307 991 1378 primis
1009 1324 1063 1363 non
1083 1308 1150 1378 quid
1169 1312 1201 1365 de

63 1397 131 1464 [octo
150 1405 232 1470 agant
252 1397 417 1461 aduersarii,
437 1405 464 1450 at
483 1395 548 1466 quid
563 1394 629 1463 jare
647 1412 729 1470 agere
752 1395 861 1467 possint
877 1413 883 1450 :
898 1397 931 1452 de
949 1397 1092 1469 principiis
1112 1398 1205 1467 enim,

64 1505 116 1544 uon
130 1488 164 1543 de
178 1488 258 1543 lactis
272 1489 440 1559 disputatur.

99 1581 183 1636 Porro
197 1580 241 1634 his
255 1580 284 1634 in
296 1589 469 1634 antecessum
483 1577 599 1649 positis,
613 1586 644 1632 nt
658 1586 788 1649 appareat
801 1595 854 1649 qua
868 1579 975 1634 ratione
985 1588 1012 1635 et
1025 1581 1126 1650 quibus
1140 1599 1201 1654 per-

64 1670 156 1742 spicua
179 1669 293 1725 forsitan
312 1669 366 1725 dici
387 1668 476 1739 possit
501 1667 664 1740 Scriptura,
688 1684 802 1724 neccsse
826 1685 880 1724 non
903 1677 947 1724 cst
969 1669 1091 1743 singulos
1114 1671 1203 1728 libros·

64 1760 190 1830 persequi
208 1768 235 1814 et
251 1759 326 1813 varia
346 1774 440 1814 eorum
459 1757 519 1812 loca
539 1759 567 1813 ln
582 1759 703 1813 medium
717 1757 880 1830 proferendo
900 1759 1047 1815 ostendere
1066 1761 1154 1816 multa
1170 1763 1199 1817 in

65 1849 149 1904 sacris
161 1849 263 1904 litteris
276 1865 420 1905 occurrere
433 1864 494 1920 quae
508 1850 622 1904 minime
636 1850 692 1904 sint
704 1858 812 1921 aperta;
827 1865 922 1904 verum
942 1850 1011 1906 satis
1029 1851 1081 1905 erit
1094 1852 1124 1906 in
1142 1868 1200 1908 ma-

64 1939 177 1995 moriam
201 1955 330 1996 revocare
355 1939 382 1994 in
406 1939 568 1995 universum
592 1940 654 2010 quis
679 1938 762 1994 luerit
780 1939 974 2010 Apostolorum
998 1956 1113 2011 scopus,
1137 1943 1200 2013 quis

64 2039 149 2088 status
172 2046 267 2087 eorum
287 2031 321 2086 ad
340 2046 409 2101 quos
429 2029 531 2101 scripta
550 2030 715 2102 dirigebant.
735 2030 769 2084 At
788 2029 909 2085 uidimus
928 2046 982 2085 non
1003 2031 1135 2096 ethnicis,
1151 2034 1201 2089 sed

63 2120 220 2178 christianis
239 2120 385 2192 scripsisse
402 2120 562 2192 Apostolos;
577 2136 632 2175 non
650 2121 685 2175 iis
704 2120 750 2191 qui
765 2119 922 2175 christianae
934 2120 1111 2177 revelationis
1124 2122 1201 2195 igno-

65 2213 170 2268 ratione
192 2220 368 2275 tencrentur,
389 2212 437 2266 sed
455 2212 489 2266 iis
508 2227 578 2281 quos
602 2211 679 2282 prius
701 2211 762 2266 viva
785 2225 851 2265 voce
877 2209 1064 2265 instituerant.
1086 2211 1113 2267 Is
1135 2227 1201 2269 vero

63 2304 148 2359 sacris
166 2303 326 2359 auctoribus
348 2301 457 2358 animus
484 2301 549 2365 luit,
576 2309 608 2356 ut
625 2301 774 2373 peculiaria
795 2301 967 2356 solummodo
992 2301 1097 2372 capita,
1121 2311 1202 2373 prout

64 2393 167 2450 larebat
185 2392 308 2459 occasio,
323 2391 385 2448 istis
408 2391 569 2448 christianis
588 2393 744 2457 traderent,
759 2407 814 2446 non
829 2400 921 2446 autem
944 2399 974 2446 ut
993 2392 1086 2446 omnia
1099 2390 1202 2446 Christi

63 2482 171 2539 decreta
194 2482 353 2556 singulatim
379 2492 407 2539 et
431 2483 522 2539 dedita
548 2498 631 2555 opera
650 2490 827 2547 enarrarent3
848 2482 950 2553 quippe
971 2497 1033 2552 quae
1055 2481 1112 2551 jam
1138 2490 1202 2536 nota

64 2575 258 2632 censebantur.

100 2664 161 2733 Quo
174 2663 264 2735 posito
285 2671 382 2733 sponte
402 2664 518 2718 solvitur
532 2664 658 2720 instituta
677 2662 802 2734 quaestio.
821 2660 946 2717 Primum
964 2658 1038 2715 enim
1058 2659 1205 2716 conficitur

64 2756 97 2813 iis
119 2762 227 2811 tantum
247 2761 368 2824 apertam
387 2751 445 2807 lore
463 2739 648 2824 Scriptorum,
668 2754 691 2807 si
712 2751 792 2807 modo
817 2752 907 2821 aliqua
929 2749 1035 2805 ratione
1055 2749 1128 2804 clara
1147 2751 1202 2805 dici

62 2853 159 2918 queat,
182 2843 242 2914 qui,
269 2842 500 2913 quemadmodum
522 2841 618 2898 fideles
640 2843 679 2897 illi
706 2841 740 2896 ad
766 2858 836 2913 qnos
857 2840 990 2911 primitus
1015 2840 1119 2896 directa
1142 2851 1202 2908 est,

62 2935 242 2992 christianam
256 2932 338 2988 tidem
350 2933 406 3003 jam
422 2933 510 2988 edocti
525 2933 596 2998 sint,
613 2933 715 3003 quiquo
734 2932 836 2987 ideirco
850 2931 1022 2987 intellectum
1038 2947 1069 2987 ac
1088 2947 1202 2988 sensum
1230 2961 1234 2969 ·

62 3025 246 3084 christianum
260 3032 368 3098 gerant;
388 3039 468 3079 secus
487 3023 561 3080 enim
577 3025 644 3079 ordo
659 3022 836 3093 perturbatur
853 3022 952 3077 etheri
973 3024 1068 3094 nequit
1086 3032 1116 3079 ut
1130 3034 1204 3081 recte

63 3116 254 3188 intelligantur
273 3114 422 3185 Scripturae
437 3130 443 3168 :
459 3123 486 3169 et
508 3130 574 3170 sane
593 3114 721 3170 ethnicus
740 3129 824 3184 pauca
845 3112 1007 3179 admodum,
1023 3113 1050 3168 ni
1066 3112 1159 3182 fallor,
1174 3115 1203 3170 iu

63 3209 150 3263 saeris
171 3205 385 3262 christianorum
403 3204 483 3260 libris
506 3205 652 3276 perspicue
672 3204 770 3260 tradita
790 3204 1017 3276 deprehenderet.
1038 3206 1157 3261 Proinde
1179 3206 1204 3261 si

63 3296 141 3351 firma
161 3294 317 3351 constiterit
336 3294 532 3366 protestantiea
555 3294 717 3360 methodus,
742 3295 812 3349 nihil
830 3295 916 3350 terme
940 3303 1034 3364 aperte
1051 3294 1155 3349 dietum
1175 3295 1203 3350 in

63 3386 167 3442 sanctis
199 3385 299 3441 litteris
329 3386 481 3452 videbitur,
509 3386 655 3456 omniaque
681 3383 857 3439 densissimis
887 3384 1010 3440 tenebris
1038 3385 1204 3442 circumfusa

63 3486 160 3543 erunt;
184 3475 345 3531 christianis
370 3476 472 3548 quippe
501 3477 571 3532 datae
594 3476 720 3539 luerunt,
745 3482 931 3545 protestantes
956 3483 1048 3528 antem
1074 3474 1204 3530 chritiani

64 3581 126 3622 esse
149 3580 204 3619 non
226 3572 343 3635 possunt
359 3574 505 3636 antequam
519 3582 565 3621 ens
585 3565 701 3639 legerint
717 3573 800 3635 atque
820 3564 885 3619 inde
904 3564 1083 3619 christianam
1104 3562 1206 3618 doctri-

63 3669 127 3708 nam
150 3652 304 3707 hauserint.
330 3651 420 3707 Solius
444 3654 573 3708 Ecclesiae
596 3664 639 3710 est
658 3671 771 3710 sensum
792 3655 976 3710 christianum
996 3653 1025 3708 in
1045 3653 1205 3711 hominibus

41 3743 182 3799 'formare
204 3742 369 3813 eosdemque
391 3742 431 3797 sie
453 3742 566 3798 idoneos
589 3744 696 3799 efficere
715 3744 748 3798 ad
769 3745 861 3800 divina
882 3746 991 3800 decreta
1011 3760 1071 3814 quaa
1094 3746 1206 3802 exhibet

65 3834 207 3906 Scriptura
221 3832 299 3889 lacile
315 3833 506 3904 percipienda;
524 3850 610 3902 quum
629 3834 703 3888 enim
719 3836 811 3890 animo
830 3835 882 3890 rite
903 3833 1066 3890 informatus
1083 3845 1126 3892 est
1141 3853 1205 3892 scn-

64 3939 113 3980 sus
136 3925 183 3978 ille
205 3924 390 3989 christianus,
412 3922 531 3994 plurima
551 3937 690 3977 sacrorum
711 3922 846 3979 librorum
868 3923 956 3993 capita
973 3923 1040 3979 satis
1060 3926 1205 3997 perspicua

64 4014 149 4080 hunt,
169 4029 244 4084 quae,
266 4028 298 4069 eo
316 4012 474 4078 deliciante,
494 4012 635 4068 intellectu
653 4010 743 4067 lorent
762 4011 937 4079 difficillima,
954 4023 1002 4069 aut
1021 4014 1103 4070 ctiam
1128 4014 1206 4085 peni-

65 4115 111 4160 tus
130 4104 248 4176 legentis
267 4112 386 4159 mentem
407 4102 568 4177 effugerent.
585 4100 671 4171 Cujus
684 4101 795 4171 quidem
813 4102 855 4158 rei
873 4104 942 4160 ratio
960 4105 1089 4160 omnibus
1103 4103 1206 4175 patebit

65 4194 214 4251 dummodo
236 4196 271 4251 ob
295 4195 389 4252 oeulos
411 4192 565 4250 habeantur
586 4207 648 4262 quae
668 4191 703 4246 de
725 4190 931 4264 Scripturarum
958 4211 1041 4266 scopo
1067 4204 1094 4251 et
1120 4194 1205 4249 lorma

65 4283 196 4342 diximus.
215 4285 339 4358 Apostoli
357 4284 487 4343 videlieet
505 4285 540 4342 de
557 4282 675 4356 quodam
695 4284 828 4355 peculiari
847 4285 979 4343 doctrina
1003 4283 1093 4355 eapite
1116 4283 1206 4339 disse·-
