3166 5168
511 387 551 430 uu
571 384 753 429 ruanrrronn
774 385 810 428 ur
831 381 1070 427 rnaurrrunruus.
1298 368 1361 428 ili}

684 724 823 807 curun
853 669 893 804 u

542 999 575 1036 ttlt
595 995 754 1036 unlutrlttn'tt
773 995 806 1034 ΕΤ
826 993 1034 1034 auant‘rtotttttus.

255 1220 283 1275 st
297 1219 431 1276 institutae
443 1219 641 1292 disputationis
652 1218 754 1274 linibus
768 1215 881 1273 omniuo
897 1214 1032 1271 contineri
1045 1214 1192 1282 vellemus,
1208 1215 1255 1272 hic
1266 1216 1361 1288 paucis

217 1319 326 1367 tantum
346 1311 515 1366 enucleanda
535 1310 606 1366 foret
623 1308 683 1363 haec
701 1304 818 1378 quaestio
836 1320 843 1361 ε
864 1319 900 1359 an
919 1311 1018 1375 praeter
1035 1319 1067 1359 ea
1086 1320 1147 1376 quae
1164 1303 1193 1358 in
1211 1303 1363 1377 Scripturis

217 1401 306 1456 sacris
318 1408 479 1464 occurrunt,
493 1399 619 1472 quaedam
634 1413 744 1470 quoque
753 1394 926 1470 agnoscenda
937 1394 994 1451 sint
1007 1395 1184 1452 revelationis
1202 1395 1362 1451 christiane

216 1493 306 1563 capita
323 1490 384 1547 viva
407 1491 496 1547 solum
515 1506 582 1547 voce
600 1489 701 1546 tradita
720 1496 748 1545 et
770 1483 948 1543 conservata?
967 1484 1034 1553 Quae
1056 1485 1168 1559 quidem
1191 1487 1307 1559 quaestio
1329 1503 1363 1544 ex

216 1590 282 1636 aute
297 1581 455 1637 constitutis
471 1581 528 1651 jam
546 1580 603 1636 lere
620 1579 746 1636 solvitur.
764 1577 800 1632 At
817 1576 949 1650 quoniam
967 1576 1015 1632 ulti
1034 1577 1068 1632 de
1088 1577 1236 1635 traditione
1253 1595 1268 1634 a
1283 1580 1363 1636 theo·

216 1671 287 1745 logis
303 1670 465 1744 disceptatio
480 1672 583 1738 initur,
597 1669 707 1726 diversa
721 1683 920 1739 nonnunquam
937 1667 1100 1738 permisceri
1120 1668 1201 1726 nobis
1219 1669 1362 1739 videntur,

217 1760 292 1817 uude
310 1760 482 1832 aliquantum
502 1759 675 1817 conlusionis
697 1768 725 1815 et
748 1757 929 1815 obscuritatis
954 1757 1058 1813 oriatur
1081 1768 1164 1831 atque
1189 1759 1254 1816 inde
1280 1761 1363 1816 etiam

215 1850 261 1907 vis
277 1850 525 1924 argumentationis
543 1851 745 1923 aliquantulum
763 1851 902 1918 elevetur,
921 1848 983 1904 idco
1003 1864 1062 1905 rem
1080 1851 1162 1922 paulo
1182 1850 1267 1907 altius
1285 1867 1364 1924 repe·

217 1941 330 1997 tendant
343 1941 484 2009 ducimus,
494 1940 627 2013 quasdam
643 1941 897 1998 animadversiones
910 1939 1081 2012 subjiciendo
1098 1941 1199 2013 quihus
1217 1955 1363 2015 argumen-

216 2041 277 2088 tum
295 2031 347 2087 hoc
364 2031 393 2085 in
411 2031 572 2088 universum
592 2032 679 2106 magis
699 2032 865 2088 illustretur.

254 2122 313 2178 Vox
325 2121 372 2177 illa
386 2123 500 2177 traditio
512 2122 604 2179 varios
617 2122 691 2194 apud
703 2122 831 2194 antiquos
847 2120 945 2177 sortita
961 2129 1004 2176 est
1022 2118 1194 2187 intellectus;
1212 2119 1257 2175 hic
1270 2127 1364 2176 autem

217 2211 253 2268 de
271 2227 304 2269 eo
323 2220 432 2267 tantum
450 2212 609 2269 traditionis
632 2228 716 2269 sensu
738 2213 828 2286 agitur
850 2227 904 2282 quo
922 2210 996 2282 apud
1017 2225 1121 2284 graecos
1141 2209 1313 2285 significahat
1333 2226 1365 2266 ea

217 2318 279 2373 quae
297 2318 313 2357 a
332 2303 458 2374 patribus
480 2311 559 2358 erant
580 2300 772 2376 acceptati).
794 2303 879 2357 Porro
902 2301 1021 2373 duplicis
1042 2300 1152 2374 generis
1173 2317 1236 2358 esse
1256 2311 1365 2373 poterat

215 2390 354 2462 ejusmodi
373 2390 485 2447 traditio
499 2407 506 2446 :
521 2390 566 2447 vel
579 2392 653 2448 enim
667 2391 702 2447 ad
720 2391 840 2464 priscam
854 2389 1024 2458 doctrinam,
1037 2389 1082 2445 vel
1095 2389 1130 2444 ad
1147 2389 1218 2445 iacta
1235 2390 1368 2446 historica

217 2484 359 2556 spectabat
373 2481 430 2558 (Ξ).
443 2482 534 2540 Simili
549 2483 637 2540 ierme
653 2485 759 2540 ratione
776 2483 882 2553 antiqui
898 2483 995 2539 Patres
1012 2481 1189 2537 traditionem
1205 2480 1368 2537 historicam

217 2583 245 2629 et
263 2574 445 2648 dogmaticam
466 2584 700 2642 commemorant,
719 2582 801 2646 prout
818 2588 850 2627 ea
869 2572 992 2626 historiae
1011 2586 1096 2627 sacrae
1113 2570 1182 2626 lacta
1200 2578 1248 2625 aut
1267 2569 1368 2625 divinae

218 2663 398 2718 revelationis
412 2663 522 2719 decreta
535 2664 651 2736 respicit
662 2681 669 2731 ;
687 2673 715 2720 et
728 2663 832 2735 duplici
846 2661 888 2717 illi
901 2660 1043 2718 traditioni
1054 2661 1138 2717 etiam
1151 2661 1307 2717 adnectitur
1320 2661 1367 2717 illa

218 2765 281 2822 quae
294 2751 367 2806 circa
381 2766 475 2808 sacros
485 2753 557 2809 ritus
566 2761 614 2808 aut
625 2753 803 2827 disciplinam
816 2760 952 2809 versatur.
965 2752 1068 2808 Verum
1081 2753 1134 2808 hoc
1148 2751 1223 2821 loco,
1237 2753 1367 2824 quoniam

219 2842 254 2898 de
267 2841 361 2898 divina
374 2850 483 2899 tautum
497 2844 665 2900 revelatione
682 2859 773 2900 sermo
787 2853 840 2909 est,
855 2843 889 2900 de
903 2843 970 2900 solis
983 2841 1068 2914 hujus
1082 2842 1200 2900 decretis
1214 2842 1367 2915 loquimur,

218 2931 343 3004 adeoque
356 2931 534 2990 traditionem
554 2934 764 2991 consideramus
777 2945 913 3007 quatenus
927 2932 1069 3007 quidpiam
1084 2947 1119 2987 ex
1135 2931 1183 2988 illa
1199 2933 1369 2990 revelatione

219 3031 312 3079 crtum
328 3023 453 3081 continet
471 3024 701 3082 communicatus.

254 3112 316 3169 Jarn
333 3104 399 3172 vero
416 3113 521 3188 duplici
540 3124 670 3188 respectu
689 3125 883 3192 argumentum
901 3116 954 3172 hoc
970 3113 1008 3171 ita
1021 3113 1165 3171 delinitum
1182 3114 1302 3187 spectari
1318 3131 1369 3187 po-

217 3212 274 3262 test
291 3213 320 3262 et
339 3221 437 3276 reapse
456 3207 639 3276 spectandum
655 3215 698 3263 est
713 3224 719 3262 :
734 3207 778 3262 vel
795 3207 871 3263 enirn
888 3205 1000 3262 traditio
1018 3207 1136 3262 habetur
1151 3214 1291 3278 tamquam
1309 3204 1369 3277 ipsa

216 3284 366 3349 veritatum
385 3310 401 3349 a
418 3293 529 3352 Christo
545 3295 664 3352 Domino
681 3295 867 3351 revelatarum
884 3297 1014 3354 continua
1031 3313 1064 3352 ac
1081 3295 1144 3352 viva
1161 3310 1228 3352 voce
1247 3293 1369 3366 praestita

218 3384 426 3438 communicatio
433 3404 442 3450 ‚·
462 3386 507 3442 vel
528 3401 584 3442 nun
605 3384 662 3458 jam
681 3385 910 3453 communicatio,
931 3386 980 3442 sed
999 3402 1044 3442 res
1065 3384 1266 3442 communicata
1284 3383 1368 3439 intel-

218 3464 329 3546 ligitur,
351 3480 434 3544 atque
453 3474 499 3529 hic
517 3485 594 3532 nutat
616 3478 677 3548 ipsa
696 3476 807 3531 decreta
827 3475 978 3548 Scripturis
1001 3491 1056 3532 non
1073 3474 1216 3541 mandata,
1236 3473 1286 3530 sed
1306 3473 1369 3530 viva
1426 3467 1428 3471 ’

217 3578 286 3619 voce
308 3571 468 3618 conservata
489 3572 518 3619 et
539 3566 650 3622 tradita.
676 3566 765 3622 Priori
788 3581 872 3622 sensu
898 3575 1027 3637 accepta,
1050 3564 1163 3622 traditio
1184 3565 1309 3634 formulis
1331 3580 1364 3620 ac

218 3651 367 3720 subjectiva
385 3650 440 3706 dici
459 3660 565 3723 potest,
581 3655 728 3724 posteriori
748 3663 857 3724 autern,
878 3655 1032 3712 materialia
1050 3664 1078 3712 et
1095 3654 1239 3724 objectum
1257 3669 1371 3710 rursum

218 3741 343 3798 formalis
366 3741 433 3808 illa,
456 3751 592 3814 quotquot
616 3744 719 3801 luerint
746 3747 947 3803 communicata
971 3747 1086 3823 capita,
1101 3761 1211 3818 semper
1237 3745 1369 3819 singulari

219 3847 335 3888 numero
361 3831 473 3888 traditio
500 3845 538 3900 tn
557 3826 717 3903 παραδοσις)
744 3843 788 3890 est
813 3837 944 3904 dicenda,
967 3838 1034 3894 dum
1057 3846 1169 3905 contra,
1195 3837 1219 3893 si
1245 3838 1371 3908 objectiva

221 3929 375 3994 spectetur,
393 3921 440 3978 ulti
461 3921 556 3994 plures
571 3936 688 3977 numero
708 3934 858 3982 occurrunt
871 3925 1008 3998 ejusmodi
1026 3926 1158 3984 veritates
1171 3926 1293 3996 traditae,
1313 3943 1368 3982 non

218 4011 276 4083 jam
298 4013 426 4081 traditio,
446 4013 518 4070 bene
539 4027 604 4070 vero
629 4014 791 4072 traditiones
813 4018 996 4091 appellantur.
1020 4016 1154 4084 Quocirca
1176 4027 1369 4093 argumentum

253 4209 300 4276 (l)
316 4201 556 4280 Harpoaupudoraa
575 4209 613 4260 Cf.
627 4210 730 4276 Dionys.
747 4211 875 4265 Halicarn.
888 4217 974 4280 Autiq.
987 4217 1054 4266 Rom.
1065 4213 1112 4266 lib.
1125 4213 1157 4272 V,
1167 4211 1208 4262 ch.
1219 4214 1260 4261 48.

251 4292 299 4358 (2)
316 4291 441 4357 Creuzcr,
455 4292 598 4359 Symbolilt,
608 4292 618 4342 l
629 4292 682 4355 tta,
696 4309 722 4359 p.
734 4295 775 4343 87.
