3150 5160
353 351 414 409 too
567 365 606 407 nn
621 362 772 408 concitus
786 362 888 406 nnrsco
904 363 972 407 nvo
990 365 1021 407 m
1036 365 1177 409 nccnnsm
1192 366 1319 411 nnnrrrs.

350 513 410 568 lem.
424 511 484 567 Non
494 525 564 581 opus
576 519 620 566 est
630 509 701 581 ipsis
715 507 856 579 inquirere
869 517 962 565 utrum
974 510 1033 565 haec
1042 510 1169 583 dogmata
1182 512 1332 584 Scripturis
1342 523 1498 570 consonent

350 617 453 658 nec-ne
467 598 575 673 (neque
588 599 663 655 enim
679 599 836 655 timendum
848 609 963 657 censent
975 616 1011 656 ne
1023 599 1152 659 Christus
1165 602 1219 658 sihi
1232 603 1412 677 adversetur)
1424 621 1432 672 ;
1447 606 1496 661 sed

350 693 504 749 doctrinam
515 692 587 747 haue
599 705 694 746 veram
708 688 812 746 hahent
822 705 884 762 quae
897 690 925 744 in
940 690 1059 763 singulis
1070 692 1200 748 Ecclesiae
1213 692 1356 750 catholicae
1368 695 1498 765 partihus

351 797 462 853 semper
489 780 598 848 extitit,
626 795 766 852 quamque
788 780 912 852 episcopi
940 780 1069 838 fidelihus
1090 783 1199 838 tradere
1226 793 1437 841 consueverant.
1460 814 1499 825 -

352 872 443 931 Simili
464 871 570 928 ratione
591 870 925 944 Constantinopolitanam
946 872 1082 947 synodum
1103 883 1132 930 et
1150 873 1245 947 Cyrilli
1266 874 1399 946 epistolas
1418 889 1498 931 com-

353 961 469 1034 probant
489 962 622 1033 episcopi.

390 1054 442 1110 ilis
454 1068 536 1125 porro
549 1053 683 1124 peractis,
696 1053 811 1109 recitata
823 1068 933 1124 quoqne
950 1062 993 1111 est
1009 1054 1126 1126 epistola
1139 1070 1223 1125 quam
1238 1053 1267 1111 S.
1285 1056 1340 1113 Leo
1355 1057 1431 1128 Papa
1447 1055 1500 1113 ad-

354 1160 453 1202 versus
470 1143 632 1218 Eutychetis
654 1143 784 1199 haeresim
806 1142 841 1198 ad
860 1143 1022 1199 Flavianum
1043 1144 1282 1216 arehiepiscopum
1300 1145 1502 1203 Constantino·

356 1236 510 1309 politanum
525 1235 673 1291 direxerat.
687 1235 718 1290 ln
736 1234 788 1291 hac
805 1234 922 1306 epistola
937 1235 1070 1306 praeclare
1086 1235 1181 1307 pandit
1195 1234 1322 1292 Pontifex
1337 1237 1502 1292 universam

355 1325 487 1384 Ecclesiae
508 1326 661 1382 doctrinam
683 1325 757 1380 circa
778 1323 916 1396 duplicem
938 1323 1042 1381 Christi
1065 1333 1207 1393 naturam,
1229 1335 1313 1398 atque
1335 1328 1502 1402 Eutychetis

356 1417 409 1473 hac
429 1416 459 1472 in
477 1432 508 1472 re
528 1431 637 1471 errores
655 1415 787 1487 explodit.
803 1414 859 1470 llac
881 1424 972 1470 autem
992 1414 1078 1482 lecta,
1100 1417 1219 1488 plurima
1232 1418 1386 1489 superioris
1406 1420 1504 1476 aetatis

355 1507 470 1563 Petrum
492 1505 610 1563 excitata
631 1515 697 1562 sont
718 1507 777 1562 loca
796 1506 950 1577 exquibus
969 1505 1146 1562 manifestum
1166 1507 1244 1564 lieret
1266 1509 1450 1582 Eutychetem
1471 1510 1504 1565 in

357 1613 451 1654 errore
466 1597 584 1665 versari3
595 1606 678 1668 atque
689 1596 812 1662 demum,
828 1597 871 1652 his
883 1597 1014 1653 omnibus
1027 1597 1144 1663 auditis,
1158 1599 1346 1656 clamaverunt
1355 1600 1504 1674 episcopi:

357 1707 374 1740 r
385 1688 450 1744 llaec
463 1689 574 1746 Patrum
588 1686 672 1754 fides,
687 1688 746 1743 haec
761 1686 954 1759 Apostolorum
968 1687 1047 1744 lides.
1065 1685 1169 1744 Omnes
1181 1689 1220 1743 ita
1235 1688 1390 1756 credimus,
1404 1692 1506 1747 ortho-

356 1777 420 1834 doxi
438 1777 476 1833 ita
493 1779 619 1834 credunt.
633 1778 785 1834 Anothcma
799 1781 824 1833 ei
836 1780 884 1848 pai
902 1780 944 1834 ita
958 1794 1014 1833 non
1030 1779 1124 1833 eredit.
1142 1778 1242 1834 Petrus
1260 1793 1310 1849 per
1326 1779 1448 1836 Leonem
1465 1781 1507 1837 ita

355 1868 467 1925 locutus
483 1877 536 1926 est.
553 1868 678 1941 Apostoli
699 1869 738 1925 ita
756 1868 919 1925 docueruut.
937 1868 987 1924 Pie
1004 1878 1031 1924 et
1044 1883 1110 1923 vere
1128 1868 1183 1924 Leo
1202 1867 1308 1935 docuit;
1324 1867 1447 1941 Cyrillus
1465 1870 1507 1928 ita

356 1957 493 2016 docuit...
516 1960 670 2017 Anathema
688 1959 713 2015 ei
734 1959 782 2030 qui
802 1958 843 2014 sie
862 1974 917 2015 uon
936 1956 1033 2014 eredit.
1049 1957 1114 2014 llaec
1129 1973 1195 2012 vera
1211 1956 1290 2013 tides
1308 1957 1446 2015 Catholici
1466 1959 1507 2017 ita

356 2051 490 2122 sapimus.
505 2052 571 2107 llaec
587 2053 702 2108 Patrum
718 2047 787 2105 tides
802 2047 891 2123 (1).»
905 2048 1013 2119 Uhique
1030 2048 1121 2104 elucet
1137 2048 1295 2104 traditionis
1308 2056 1391 2119 atque
1407 2059 1509 2108 aucto-

356 2140 448 2197 ritatis
465 2140 588 2208 indoles3
608 2139 656 2211 qui
674 2140 748 2196 enim
761 2155 778 2193 a
790 2139 939 2197 traditione
956 2148 1089 2211 perpetuo
1110 2138 1140 2193 in
1156 2139 1281 2194 Ecclesia
1299 2148 1407 2195 serrata
1427 2156 1509 2197 rece-

357 2230 426 2286 dunt
442 2231 619 2287 anathemate
635 2232 825 2304 percelluntur
838 2239 866 2286 et
882 2229 1006 2302 corporis
1024 2228 1129 2286 Christi
1144 2229 1270 2284 membra
1286 2244 1349 2285 esse
1361 2229 1508 2287 desinunt.

395 2319 547 2377 Actionell
565 2319 677 2376 tandem
696 2319 785 2390 ipsius
797 2319 913 2376 Concilii
926 2319 1050 2376 definitio
1064 2319 1191 2375 hahetur.
1206 2319 1317 2375 Tradita
1329 2328 1424 2375 autem
1439 2337 1509 2378 vera

358 2409 412 2468 lide
428 2411 503 2467 circa
517 2410 657 2483 duplicem
670 2409 775 2467 Christi
787 2420 930 2478 naturam,
943 2410 1041 2467 addit:
1057 2429 1072 2463 r
1084 2410 1134 2466 llis
1148 2410 1232 2483 igitur
1245 2425 1309 2465 cum
1325 2409 1402 2465 omni
1421 2411 1510 2467 undi-

355 2517 411 2574 que
429 2510 524 2558 exacta
543 2516 609 2557 cura
628 2510 657 2557 et
675 2500 818 2575 diligentia
836 2516 852 2555 a
868 2500 949 2557 nohis
966 2501 1127 2572 dispositis,
1144 2501 1270 2569 definivit
1285 2508 1381 2556 sancta
1397 2509 1427 2556 et
1443 2503 1510 2557 uni-

355 2592 472 2649 versalis
491 2592 627 2665 synoduS‚
645 2593 761 2647 alteram
777 2593 857 2660 fidem
875 2592 947 2646 nulli
966 2592 1045 2646 licere
1061 2592 1197 2661 proferre,
1214 2595 1263 2646 aut
1279 2592 1449 2647 conscribere
1464 2596 1510 2650 arel

356 2698 524 2753 componere,
537 2688 587 2738 out
599 2683 713 2749 sentire,
725 2688 775 2737 out
788 2683 857 2737 alios
870 2684 970 2737 docere.
984 2682 1039 2739 Eos
1051 2689 1146 2738 autem
1155 2682 1203 2753 qui
1219 2681 1322 2738 audent
1335 2698 1510 2754 componere

356 2770 440 2828 iidem
456 2771 587 2838 alteram,
604 2781 652 2828 aut
667 2771 803 2845 prolerre,
819 2782 867 2829 aut
883 2773 982 2831 docere
1064 2773 1130 2840 hos,
1150 2772 1176 2828 si
1191 2772 1314 2844 episcopi
1331 2772 1437 2830 luerint
1454 2785 1510 2831 aut

357 2860 465 2928 cleriei,
477 2863 584 2919 alienos
600 2878 663 2919 esse
678 2863 823 2935 episcopos
839 2863 873 2919 ah
892 2864 1069 2936 episcopatu,
1084 2872 1111 2919 et
1127 2863 1244 2920 clericos
1256 2878 1272 2918 a
1286 2862 1375 2929 clero;
1398 2862 1424 2920 si
1437 2879 1509 2921 rero

357 2952 486 3011 monaehi
503 2962 551 3011 aut
570 2954 633 3010 laici
653 2955 770 3022 luerint,
788 2955 1015 3013 anathematizari
1035 2971 1084 3013 eos
1100 2954 1158 3029 (t).
1171 2973 1186 3007 n

394 3042 461 3098 Post
472 3043 620 3100 lectionem
631 3061 697 3101 vero
711 3044 880 3101 delinitionis
894 3061 991 3103 omnes
1004 3044 1128 3119 episcopi
1140 3044 1314 3101 clamarunt:
1331 3044 1420 3100 ‹rllaec
1434 3044 1508 3102 sides

355 3133 481 3189 Petrum.
503 3132 568 3189 llaec
589 3132 657 3191 tides
679 3134 890 3208 Apostolorum,
913 3135 978 3191 huic
994 3151 1092 3193 omnes
1112 3136 1320 3201 consentimus,
1344 3149 1443 3193 omnes
1468 3137 1509 3194 ita

358 3221 483 3293 sapimus
501 3219 584 3297 (5).»

387 3394 431 3459 (l)
444 3410 459 3444 tt
473 3393 543 3449 Αὑτη
556 3394 572 3448 ἡ
587 3409 666 3452 utone
682 3411 730 3443 των
748 3409 875 3463 accepero·
891 3396 955 3451 αὔτη
972 3395 1081 3453 hatrat<
1093 3412 1141 3446 ror
1154 3395 1317 3446 ἁποστολων·
1336 3412 1425 3452 παντες
1441 3397 1511 3448 οὕτω

352 3491 509 3544 πιστευομιν·
530 3475 555 3527 οἱ
578 3467 704 3544 ὀρθοδοξοι
725 3475 791 3527 οὕτω
814 3493 978 3529 πιστευουσιν.
1000 3477 1139 3544 Ἀναδεμα
1160 3497 1194 3543 τῳ
1213 3498 1248 3545 μη
1272 3478 1337 3529 οὕτω
1355 3493 1512 3531 πιστευοντι.

353 3557 446 3627 limpor
460 3551 505 3608 dra
521 3558 630 3617 Λιοντος
646 3575 726 3610 ταυτα
744 3558 903 3626 disparandae.
917 3559 953 3614 Οἱ
971 3562 1108 3612 ᾰποστολοι
1126 3559 1204 3619 οὓτως
1225 3553 1359 3623 ἑδιδαξαν,
1379 3578 1405 3609 κ.
1421 3581 1446 3612 τ.
1457 3567 1485 3615 λ.
1497 3581 1513 3613 n

351 3639 415 3690 lbid.
426 3641 475 3691 eol.
485 3643 545 3691 367.

385 3722 505 3787 (Elam
518 3721 615 3791 ‘liparen
631 3721 647 3774 h
664 3722 726 3790 ἅγια
746 3737 789 3771 και
810 3722 967 3790 οἱκουμενικη
986 3715 1089 3782 curedo<
1107 3723 1190 3792 ἑτεραν
1208 3739 1288 3774 aarum
1308 3714 1395 3789 pudere
1418 3725 1514 3788 ἐξειναι

353 3819 509 3874 προσφεριιν,
532 3804 623 3873 ἤγουν
645 3819 812 3873 συγγραφειν,
836 3804 851 3857 ἧ
876 3807 1029 3863 contraeunt,
1051 3805 1066 3858 ἦ
1087 3823 1196 3874 operatu,
1216 3807 1232 3863 ἠ
1252 3798 1377 3855 dedecorata
1401 3805 1513 3876 ἑτερους.

353 3884 418 3942 Tenc
432 3878 459 3936 δι
469 3885 640 3953 τολμωνταςή
657 3889 797 3937 συντιδεναι
809 3903 889 3937 atarto
906 3887 988 3956 ἑτεραν
999 3924 1006 3938 .
1019 3920 1061 3951 ··,
1080 3905 1193 3948 τουτους,
1213 3887 1233 3937 εἱ
1251 3906 1293 3955 μεν
1307 3885 1353 3936 εἷεν
1373 3885 1512 3940 intonarent

351 3967 510 4036 halapiae,
524 3968 669 4036 ἀλλοτριους
684 3968 747 4019 εἰναι
765 3987 821 4027 τους
838 3971 985 4028 ἐπισκοπους
1001 3989 1044 4028 της
1062 3971 1209 4028 intrauere,
1228 3984 1272 4019 και
1288 3987 1345 4024 τους
1366 3971 1512 4037 κληρικους

352 4068 396 4102 του
408 4054 515 4120 alopen·
532 4049 552 4100 ai
567 4043 595 4100 δε
612 4051 789 4116 μοναζοντεςὴ
806 4056 890 4102 hainou
908 4052 967 4114 εἰεν,
983 4052 1214 4120 ἀναδεματιζεσῧαι
1234 4052 1334 4111 doceor·
1348 4068 1363 4101 n
1376 4052 1444 4102 thid.
1456 4053 1510 4104 col.

354 4138 414 4186 567.
1509 4142 1511 4147 ’

385 4216 429 4281 (5)
443 4214 535 4269 «Αὐτη
548 4214 563 4267 ἡ
575 4230 654 4273 ecurt<
666 4235 714 4266 των
727 4233 847 4284 metopon.
864 4214 938 4270 Adra
957 4217 1063 4275 ἡπιστις
1079 4235 1126 4269 των
1139 4216 1296 4271 ᾀποστολων.
1310 4215 1400 4282 Ταυτῃ
1416 4232 1512 4279 παντες

352 4313 505 4365 στοιχουμεν.
522 4297 619 4357 Haeret
634 4298 698 4350 οὓτω
714 4317 859 4366 φρονουμεν.
872 4316 886 4349 n
899 4300 962 4350 lbt'd.
