3150 5160
350 348 390 406 96
549 363 588 406 ue
604 361 751 406 concauus
768 358 872 403 rarsco
886 357 954 402 mro
969 358 1000 400 ut
1014 356 1153 404 accursu
1173 358 1299 403 uacrrrs.

264 522 265 533 ¹
347 507 467 580 quilibet
492 507 664 565 christianus
685 506 720 562 ad
745 503 868 561 Concilia
893 510 1023 568 vocatur,
1047 501 1096 560 sed
1120 502 1141 558 ii
1166 512 1273 561 mutum
1298 506 1346 576 qui
1372 517 1440 564 sunt
1462 525 1497 565 ex

348 598 481 655 Ecclesiae
499 599 674 672 magisterio;
694 607 723 653 et
743 610 825 667 porro
848 594 900 650 soli
924 593 1047 665 episcopi
1068 592 1206 664 judicium
1227 596 1263 651 de
1284 595 1348 651 lidei
1369 596 1497 653 doctrina

348 687 450 745 lerunt.
471 687 550 744 Unde
572 685 752 756 consequitur
771 685 844 739 inter
861 682 1027 740 christianos
1044 699 1107 740 esse
1126 685 1202 741 viros
1220 686 1355 756 peculiari
1373 689 1498 744 auctori-

348 786 405 834 tate
416 777 559 849 praeditos,
574 791 692 848 quorum
706 790 809 831 munus
828 773 972 845 proprium
991 773 1028 829 sit
1045 775 1146 845 populo
1164 777 1332 833 annuntiare
1353 793 1386 834 ac
1402 778 1498 835 decla-

348 883 411 923 rare
433 882 494 939 quae
516 881 594 933 vera,
616 881 711 936 quaeve
732 864 801 920 salsa
823 861 950 919 habenda
974 863 1031 919 sint
1049 864 1185 938 dogmata.
1203 865 1270 922 Ruit
1287 867 1372 940 igitur
1388 869 1497 924 indiui-

347 960 501 1015 ductiamue
525 956 751 1028 protestanticus.
773 954 803 1011 st
827 955 901 1010 euim
924 953 1060 1026 cujusque
1082 956 1184 1026 privati
1201 955 1272 1013 foret
1288 973 1322 1014 ex
1341 957 1496 1031 scripturis

346 1048 473 1119 judicare
488 1056 584 1103 utrum
602 1061 667 1102 vem
688 1060 724 1100 an
747 1044 816 1100 salsa
837 1044 876 1099 sit
897 1042 1022 1100 doctriua
1045 1045 1150 1116 aliqua,
1172 1061 1228 1102 non
1250 1047 1372 1120 episcopi
1395 1049 1496 1116 modo,

347 1139 397 1195 sed
423 1147 451 1195 et
470 1139 573 1210 quique
591 1135 736 1192 christiani
752 1134 879 1192 homines
898 1134 956 1205 pari
970 1134 1033 1205 jure
1048 1144 1144 1191 essent
1162 1138 1340 1205 consulendi,
1356 1146 1442 1210 atque
1457 1138 1498 1194 ita

347 1227 462 1284 demum
479 1228 508 1282 in
531 1226 664 1300 religione
681 1235 851 1282 statueretur
869 1226 1035 1300 democratia
1054 1226 1190 1283 absoluta.

379 1319 517 1375 Praeterea
531 1318 686 1375 luculenter
698 1317 788 1373 elucet
802 1315 977 1372 auctoritatis
989 1317 1034 1372 ria
1045 1331 1077 1372 ac
1090 1317 1160 1373 ratio
1170 1317 1199 1372 iu
1209 1316 1397 1375 conciliorum
1410 1333 1496 1390 scopo

348 1409 530 1481 atqueexitu.
548 1408 618 1463 Tum
637 1422 737 1478 nempe
755 1407 815 1480 cogi
830 1407 919 1462 solent
932 1422 1018 1478 quum
1031 1406 1134 1478 aliquis
1147 1423 1225 1464 error
1243 1409 1316 1464 inter
1328 1408 1498 1465 christianos

348 1500 463 1557 obortus
479 1500 590 1573 longius
609 1500 697 1572 serpit
710 1507 739 1555 et
757 1499 909 1556 multorum
922 1497 1047 1554 fidelium
1059 1498 1143 1554 iidem
1160 1499 1190 1554 in
1203 1498 1359 1570 periculum
1371 1497 1498 1555 adducit.

348 1590 401 1647 llic
418 1606 482 1664 ergo
502 1592 623 1647 occurrit
641 1590 757 1662 quaestio
776 1588 811 1645 de
826 1589 919 1663 judice
932 1589 1193 1647 controversiarum.
1213 1588 1298 1659 Atqui
1319 1604 1497 1662 nequaquam

348 1680 436 1737 sacris
453 1680 620 1753 Scripturis‚
635 1682 747 1752 priuato
765 1681 896 1751 cujusque
909 1679 1018 1750 judicio
1038 1681 1195 1746 intellectis,
1218 1680 1335 1752 quaestio
1356 1681 1498 1752 permitti-

347 1779 409 1837 tnr;
429 1771 478 1827 sed
501 1771 568 1839 soli,
583 1780 614 1827 ut
633 1771 770 1838 diximus,
784 1771 907 1843 episcopi
925 1771 953 1827 vi
972 1770 1143 1828 auctoritatis
1160 1772 1295 1828 divinitus
1313 1771 1367 1828 sihi
1381 1788 1499 1830 concre-

347 1860 413 1916 ditae
435 1860 571 1932 indicium
598 1860 701 1918 lerunt.
729 1862 825 1933 Neque
846 1877 924 1928 vero,
947 1861 1001 1917 lata
1024 1861 1177 1929 sententia,
1203 1861 1253 1917 ulli
1279 1862 1433 1920 christiano
1455 1862 1499 1920 tas

347 1957 392 2007 est
410 1951 439 2006 in
455 1950 572 2008 dubium
588 1967 687 2009 vocare
709 1951 863 2008 doctrinam
879 1950 1021 2006 delinitam
1035 1967 1042 2007 :
1057 1952 1116 2007 baec
1136 1960 1166 2007 ut
1188 1951 1345 2009 certissima
1367 1961 1396 2009 et
1414 1955 1499 2012 unice

346 2055 412 2096 vera
425 2042 555 2098 omnibus
567 2041 705 2099 credenda
719 2042 854 2109 traditur,
867 2042 994 2114 opposita
1010 2049 1103 2098 autem
1122 2042 1297 2098 anathemate
1317 2043 1498 2113 percellitur,

346 2138 376 2186 et
396 2131 421 2186 si
438 2131 501 2202 quis
513 2132 647 2204 deinceps
665 2148 727 2190 eam
748 2132 863 2199 sectari,
877 2132 990 2198 docere,
1003 2140 1052 2187 aut
1067 2130 1275 2203 quoquomodo
1298 2132 1372 2189 tueri
1385 2144 1499 2208 pergat,

346 2220 373 2278 is
382 2229 414 2277 ut
426 2222 572 2278 haereticus
582 2224 699 2279 trahetur
711 2231 739 2279 et
754 2223 788 2278 alt
799 2222 923 2278 Ecclesia
936 2223 1063 2278 avulsus.
1078 2220 1115 2277 dt
1125 2236 1157 2277 ea
1167 2220 1290 2294 prolecto
1308 2224 1408 2296 agendi
1425 2224 1499 2282 ratio

348 2313 494 2386 perspicue
508 2314 614 2386 prodit,
629 2330 662 2371 ex
674 2313 860 2371 Conciliorum
871 2313 990 2385 judicio,
1004 2312 1097 2369 inesse
1115 2313 1143 2367 in
1157 2312 1281 2369 Ecclesia
1300 2315 1499 2372 anctoritatem

349 2420 486 2461 summam
510 2405 555 2461 eui
581 2406 712 2463 omnihus
737 2404 997 2477 obtemperandum,
1027 2404 1209 2476 eamdemque
1234 2418 1322 2474 penes
1350 2404 1500 2478 episcopos

348 2503 469 2551 tantum.

385 2584 501 2642 Possem
523 2595 552 2642 et
571 2584 647 2641 aliud
669 2585 772 2643 addere
792 2601 846 2658 qno
874 2585 1059 2658 perspiciatur
1084 2599 1168 2655 quam
1190 2584 1248 2640 vim
1264 2583 1410 2640 christiani
1430 2595 1501 2642 tunc

347 2677 482 2748 temporis
508 2676 667 2732 tribuebant
693 2677 837 2734 traditioni
857 2686 886 2732 et
908 2677 992 2732 etiam
1016 2675 1225 2732 traditionibus.
1251 2674 1501 2733 verumenimvero

347 2768 382 2823 ad
395 2767 550 2824 doctrinam
566 2766 751 2823 deliniendam
764 2767 887 2840 episcopi
906 2768 935 2822 in
951 2766 1082 2824 Conciliis
1095 2774 1234 2822 testantur
1252 2782 1314 2838 quae
1331 2767 1369 2821 sit
1381 2781 1500 2822 suarum

349 2857 530 2913 ecelesiarum
545 2858 689 2914 haedere
705 2859 835 2924 traditio,
849 2867 932 2930 atque
952 2858 991 2913 ita
1005 2857 1156 2914 ostendunt
1178 2873 1209 2913 se
1226 2857 1262 2913 iis
1280 2856 1309 2912 iu
1329 2868 1500 2928 perpetuum

351 2947 487 3004 inhaerere
498 2947 571 3004 velle
584 2948 763 3021 dogmatibus
777 2965 838 3020 quae
851 2949 986 3004 hacteuus
999 2949 1028 3003 in
1044 2949 1130 3004 variis
1148 2948 1276 3004 ecclesiis
1294 2949 1396 3004 tradita
1408 2949 1499 3008 luere.

348 3036 421 3093 llinc
440 3038 542 3108 saepius
561 3038 596 3094 ab
615 3039 759 3111 episeopis
778 3040 980 3095 exclamatum:
1001 3039 1042 3095 sic
1056 3039 1199 3096 credidere
1216 3048 1322 3113 patres,
1346 3038 1388 3095 sic
1407 3040 1497 3096 tradi·

349 3126 416 3183 dere
430 3127 559 3197 maiores.

387 3214 466 3283 Quod
492 3216 517 3271 si
541 3216 604 3288 quis
625 3224 718 3273 tamen
741 3227 893 3290 opponeret
915 3234 987 3290 saepe
1006 3235 1040 3276 ex
1066 3220 1134 3276 solis
1154 3219 1306 3292 Scripturis
1325 3229 1497 3278 transactam

349 3305 437 3363 luisse
458 3322 474 3361 a
495 3304 626 3363 Conciliis
650 3310 882 3377 controversiam,
904 3311 1025 3381 primum
1044 3310 1156 3382 quidem
1175 3311 1372 3383 responderem
1391 3312 1420 3368 id
1440 3314 1496 3368 mi-

350 3414 404 3454 nus
438 3415 536 3454 verum
558 3414 633 3465 esse;
652 3408 681 3454 at
710 3399 830 3457 maxime
851 3417 993 3457 monerem
1020 3416 1113 3458 sacras
1140 3401 1260 3459 Litteras
1281 3402 1316 3457 ab
1339 3402 1493 3476 episcopis,

348 3503 398 3544 seu
411 3487 446 3544 ab
455 3487 587 3544 Ecclesiae
599 3488 760 3561 magisterio
771 3489 927 3547 intellectas
941 3499 970 3546 et
982 3490 1123 3561 expositas
1137 3500 1168 3546 ut
1183 3501 1288 3549 certam
1301 3507 1333 3548 ac
1345 3492 1495 3550 inconcus·

349 3593 409 3634 sam
430 3578 495 3634 lidei
516 3579 639 3654 regulam
661 3579 696 3634 ab
712 3580 842 3636 omnibns
862 3580 1008 3636 catholicis
1029 3579 1140 3647 haberi;
1160 3583 1229 3652 quin
1251 3581 1335 3639 etiam
1355 3598 1389 3638 ex
1408 3583 1444 3640 iis
1463 3584 1493 3640 iu

349 3668 424 3724 huuc
436 3666 549 3724 modum
567 3685 648 3724 sensu
660 3671 835 3726 eeclesiastico
848 3674 872 3725 et
885 3671 1059 3726 traditionale'
1073 3673 1227 3744 explanatis
1240 3673 1385 3746 plerasque
1397 3673 1494 3731 dirimi

349 3759 656 3830 possecontrorersias.

386 3847 436 3904 llis
457 3849 541 3923 igitur
560 3849 734 3914 constitutis,
757 3858 788 3905 ut
806 3866 852 3907 res
875 3859 952 3908 extra
971 3867 1053 3909 omne
1078 3852 1194 3909 dubium
1214 3864 1344 3927 ponatur,
1366 3858 1492 3929 quaedam

347 3938 447 4010 priscae
465 3939 554 3996 aetatis
573 3940 708 4008 concilia,
722 3950 860 4014 qnatenus
873 3943 908 3997 ad
926 3943 1086 4000 institutum
1106 3954 1233 4002 nostrum
1251 3947 1382 4014 attineat,
1403 3948 1492 4022 inspi-

347 4044 465 4085 ciamus.
1467 4104 1470 4111 ¹

385 4117 510 4186 Quatuor
522 4129 630 4177 tantum
643 4119 731 4192 prima
745 4119 867 4179 Concilia
881 4124 1052 4182 oecumenica
1065 4126 1094 4180 in
1108 4127 1296 4185 testimonium
1310 4129 1491 4194 advocamus,

346 4208 491 4267 Nicaenum
505 4209 529 4277 l,
546 4211 882 4283 Constantinopolitanum
897 4214 923 4280 l,
938 4214 1109 4286 Ephesinum
1122 4226 1151 4273 et
1162 4217 1396 4276 chalcedonense.
1418 4218 1492 4276 Satis

347 4308 441 4357 autem
460 4299 544 4357 luerit
566 4302 590 4358 si
610 4299 668 4358 lere
685 4300 827 4359 decretum
847 4302 882 4358 al)
904 4303 975 4377 ipsis
991 4304 1026 4362 de
1044 4305 1106 4363 lidei
1126 4306 1250 4365 doctrina
1263 4309 1369 4367 editum
1386 4309 1491 4367 excita-
