3150 5160
212 365 274 425 220
521 376 559 419 nn
580 375 761 419 nmormoun
781 376 817 418 nr
838 374 1078 419 rnxnrmomnus

210 525 338 582 bifariam
358 521 536 578 tribuendum
555 521 700 585 ducimus,
718 520 757 575 ita
778 528 808 575 ut
827 521 917 591 primo
936 521 971 577 de
991 520 1154 588 traditione,
1173 520 1275 579 deinde
1291 537 1354 579 vero

210 616 246 672 de
264 613 461 672 traditionibus
480 626 636 668 sermonem
655 610 744 667 simus
763 611 930 667 instituturi.

752 848 812 922 tr.

675 1069 708 1107 bn
727 1067 893 1108 nnabtntoun.

251 1259 304 1317 Ubi
321 1275 378 1316 non
394 1259 425 1314 in
446 1256 544 1324 nnius,
563 1255 614 1312 sed
633 1255 662 1310 in
681 1254 806 1311 omnium
829 1263 878 1311 ant
899 1257 983 1313 etiam
1005 1257 1189 1330 plurimorum
1212 1256 1364 1313 hominnm

214 1349 331 1422 gratiam
350 1348 380 1404 tit
398 1347 530 1403 revelatio
545 1345 653 1410 divina,
673 1345 721 1400 diu
738 1359 933 1416 permansura,
953 1346 1016 1417 ejus
1034 1348 1144 1403 decreta
1163 1361 1213 1418 per
1232 1346 1367 1402 homines

215 1439 375 1495 bominibus
397 1437 542 1494 tradantur
564 1450 679 1492 necesse
701 1444 758 1502 est,
778 1445 810 1490 ut
831 1437 884 1491 hac
904 1437 1011 1493 ratione
1030 1437 1066 1493 iis
1085 1436 1120 1492 ad
1140 1452 1210 1507 quos
1231 1437 1295 1491 data
1318 1446 1367 1493 est

215 1528 390 1584 innotescere
410 1527 528 1599 possint.
556 1525 626 1581 ilinc
648 1525 791 1598 Apostoli,
815 1527 863 1597 qui
888 1527 1010 1583 divinam
1033 1527 1188 1583 doctrinam
1210 1541 1226 1580 a
1249 1524 1368 1582 Christo

216 1618 359 1674 revelante
372 1625 548 1688 acceperant,
567 1616 655 1681 illam,
673 1625 704 1671 ut
717 1616 852 1684 vidimus,
866 1617 936 1674 alios
945 1617 1080 1690 docuere,
1095 1632 1127 1673 ac
1140 1616 1290 1673 nonnullos
1304 1617 1363 1672 ele-

215 1716 316 1780 gerunt
337 1708 385 1779 qui
408 1718 437 1763 et
453 1707 507 1778 ipsi
525 1707 554 1761 in
571 1716 713 1778 posterum
730 1707 855 1762 eamdem
871 1707 1024 1770 traderent,
1048 1715 1076 1762 et
1098 1706 1136 1762 ita
1152 1722 1244 1777 porro.
1265 1705 1301 1761 m
1323 1721 1363 1762 cae

214 1797 348 1854 veritates
362 1796 476 1862 divinae,
495 1812 563 1869 quas
582 1796 739 1869 suscipiunt
759 1795 899 1864 homines,
918 1797 997 1853 brevi
1010 1797 1081 1853 altas
1101 1797 1131 1851 in
1149 1797 1250 1853 borum
1268 1797 1358 1855 animo

216 1889 323 1945 radices
342 1897 440 1962 agunt,
461 1888 500 1943 ibi
519 1888 630 1955 vivunt,
645 1887 701 1942 vim
727 1886 872 1957 quaeipsis
893 1887 966 1943 inest
986 1903 1069 1958 qnam
1086 1887 1205 1942 maxime
1220 1896 1359 1943 actuosam
1411 1941 1425 1959 ¹,

216 1988 361 2036 exerentes
372 1988 455 2050 atque
469 1978 641 2033 intellectum
655 1992 823 2047 sensumque
836 1977 1020 2032 christianum
1034 1992 1066 2032 ac
1082 1976 1208 2032 divinum
1221 1974 1356 2043 ellicinnt;

218 2085 295 2141 quae,
317 2069 448 2140 quoniam
465 2084 549 2140 snpra
568 2067 691 2138 exposita
711 2067 806 2131 luere,
828 2082 901 2122 nurm
923 2068 1020 2139 paucis
1039 2081 1273 2123 commemorasse
1294 2066 1357 2122 satis

222 2160 272 2226 sit,
293 2168 430 2231 qnatenus
449 2159 514 2214 inde
534 2159 630 2214 lumen
647 2156 760 2212 accedat
781 2156 946 2213 illustrando
967 2166 1129 2230 argumento
1152 2156 1226 2228 quod
1244 2157 1273 2212 in
1292 2172 1358 2228 prae·

217 2250 307 2306 sentia
325 2266 481 2306 versamus.

254 2340 313 2397 lloc
329 2350 457 2412 respectu
471 2339 643 2396 considerata
657 2337 769 2395 traditio
782 2338 884 2409 saepius
903 2337 983 2394 uobis
999 2337 1079 2393 obvia
1094 2337 1147 2393 luit
1163 2337 1236 2408 apud
1252 2338 1360 2404 Patres,

217 2431 265 2504 qui
285 2432 449 2502 plerumque
468 2445 500 2485 eo
517 2431 629 2485 nomine
645 2429 749 2485 donant
767 2428 1044 2484 communicationem
1063 2428 1139 2483 illam
1157 2428 1284 2483 revelatae
1300 2426 1361 2482 doc-

215 2523 297 2577 trinae
320 2522 355 2577 ab
377 2520 516 2592 Apostolis
540 2534 692 2590 eorumque
715 2518 924 2574 successoribus
945 2517 1063 2585 iactam,
1086 2520 1130 2574 vel
1152 2519 1236 2574 ctiam
1261 2518 1362 2574 intelli-

216 2611 338 2685 gentiam
361 2610 426 2666 inde
449 2611 477 2665 in
501 2610 717 2665 christianorum
739 2608 831 2665 animo
851 2616 950 2664 ortam.
973 2608 1005 2663 ln
1027 2609 1190 2664 memoriam
1211 2610 1363 2680 praesertim

216 2710 383 2758 revocentur
400 2717 461 2773 quae
476 2717 509 2757 ex
526 2702 631 2756 irenaeo
648 2709 675 2755 et
687 2700 832 2756 Vincentio
850 2699 994 2756 Lerinensi
1011 2698 1205 2764 excitavimus,
1220 2698 1267 2770 qni
1286 2699 1364 2755 ambo

217 2807 248 2846 oa
267 2791 375 2847 ratione
392 2789 550 2846 traditionis
568 2803 669 2845 nomen
685 2797 817 2859 perpetuo
835 2789 892 2845 lere
910 2797 1055 2859 usurpant.
1074 2788 1132 2855 Sic,
1149 2796 1181 2843 ut
1200 2803 1288 2843 uuum
1308 2797 1364 2844 tan·

216 2891 277 2936 tum
306 2881 397 2938 locum
421 2897 454 2936 ex
477 2881 506 2937 S.
530 2881 633 2936 lrenaeo
657 2879 758 2935 iterum
780 2880 809 2933 in
832 2879 954 2934 medinm
976 2880 1146 2934 adducamus
1167 2877 1365 2934 recordationis

214 2969 342 3041 juvandae
358 2971 462 3043 gratia,
476 2970 510 3025 de
526 2969 660 3044 gnosticis
672 2969 756 3024 verba
769 2967 873 3024 faciens
891 2967 1010 3022 eximius
1024 2969 1105 3022 Pater
1118 2967 1194 3021 hunc
1210 2965 1240 3021 in
1253 2967 1365 3022 modum

217 3059 341 3128 loquitur
354 3077 361 3114 :
377 3080 392 3112 (ι
403 3059 472 3115 Cum
483 3069 576 3116 autem
589 3057 623 3115 ad
639 3075 700 3115 eam
714 3059 816 3115 iterum
829 3059 1018 3124 traditionem,
1033 3074 1095 3128 quae
1109 3065 1153 3112 est
1165 3057 1200 3112 ab
1212 3056 1365 3128 Apostolis,

217 3161 279 3218 quae
292 3162 341 3218 per
358 3149 549 3204 successiones
566 3149 790 3221 presbyterorum
811 3149 840 3203 iu
854 3148 982 3204 ecclesiis
996 3146 1165 3210 custoditur,
1186 3162 1366 3217 provocamus

217 3253 283 3304 eos,
307 3238 489 3293 adversantur
511 3240 676 3303 traditioni,
701 3239 824 3295 diceutes
850 3255 881 3295 se
905 3255 961 3295 uon
988 3238 1078 3294 solum
1106 3237 1295 3310 presbyteris,
1318 3237 1367 3293 sed

215 3325 300 3381 etiam
321 3325 461 3398 Apostolis
485 3328 637 3382 existentes
657 3327 856 3397 sapientiores,
882 3327 1019 3382 sinceram
1041 3326 1183 3381 invenisse
1204 3325 1366 3391 veritatem,

217 3416 364 3488 Apostolos
380 3426 473 3472 autem
490 3417 674 3473 admiscuisse
689 3433 720 3472 ea
735 3425 876 3488 quaesunt
893 3417 991 3490 legalia
1011 3415 1162 3471 Salvatoris
1172 3416 1265 3472 verbis
1282 3415 1366 3490 (1).»

254 3507 357 3561 irenaeo
376 3507 461 3579 igitur
476 3507 588 3562 traditio
606 3507 680 3562 idem
694 3516 736 3563 est
752 3522 785 3562 ac
803 3508 864 3578 ipsa
880 3505 1033 3561 christiana
1046 3505 1172 3561 doctrina
1184 3506 1220 3561 ab
1236 3506 1369 3563 Ecclesiae

216 3595 376 3668 magisterio
399 3606 558 3652 conservata
582 3606 610 3652 et
632 3597 852 3660 communicata;
871 3596 944 3666 quod
965 3595 1077 3666 quidem
1099 3597 1203 3666 passim
1226 3596 1367 3666 praedicat.

216 3682 245 3738 Si
257 3701 323 3740 vero
340 3685 436 3741 eadem
454 3687 513 3741 haec
526 3686 651 3741 doctrina
665 3684 766 3740 tradita
780 3686 971 3741 consideretur
988 3695 1070 3757 prout
1090 3686 1119 3740 in
1135 3686 1266 3741 Ecclesiae
1279 3701 1368 3741 mem-

215 3773 330 3829 brorum
351 3777 444 3833 animo
466 3777 605 3848 insculpta
629 3777 715 3842 vivit,
742 3777 853 3832 exsistit
880 3793 978 3833 sensns
1003 3777 1050 3831 ille
1073 3791 1156 3846 quem
1183 3775 1369 3832 christianum

216 3863 353 3929 diximus,
372 3867 475 3939 quique
496 3869 607 3940 proprie
626 3867 778 3936 subjectiva
801 3868 959 3924 traditionis
979 3868 1090 3923 nomine
1112 3874 1155 3921 est
1173 3865 1369 3936 appellandus.

216 3952 289 4007 lllnd
309 3962 352 4008 est
371 3957 443 4024 quod
461 3959 623 4015 Vincentius
643 3958 850 4013 ecclesiasticam
872 3959 1080 4029 iutellipenticm
1096 3957 1140 4012 vel
1159 3957 1370 4013 ecclesiasticum

217 4048 243 4096 et
261 4042 425 4099 catholicum
443 4064 551 4102 sensum
565 4046 614 4122 (ἓ)
629 4047 762 4103 nominat.

248 4199 296 4262 (l)
310 4201 405 4250 Contra
415 4202 501 4250 laceros.
515 4201 560 4251 lib.
574 4204 622 4263 ΙΙΙ,
635 4219 657 4253 c.
673 4206 697 4251 Ι.

250 4282 296 4345 (2)
311 4285 485 4334 Goutntonitor.
497 4301 519 4334 c.
534 4289 563 4345 23
577 4285 614 4334 Cf.
627 4301 649 4334 c.
662 4291 687 4336 l.
698 4283 773 4351 Apud
786 4283 924 4336 Eusebium
936 4289 999 4336 Hist.
1012 4287 1069 4336 eccl.
1081 4281 1129 4334 tib.
1141 4284 1171 4344 V,
1183 4298 1205 4332 c.
1218 4286 1261 4344 27,
1274 4282 1374 4336 dicitur
