3150 5160
211 337 272 396 tat
334 349 572 393 narronatrsuus
594 347 729 391 nanticus
751 349 769 390 n
792 346 1048 392 rnovssrarvrrsuo
1069 345 1227 391 oarunnus.

246 495 387 564 Quantum
403 496 461 552 haec
474 493 579 567 quaeda
592 493 703 550 Christo
718 502 746 549 et
757 491 897 564 Apostolis
911 492 1000 550 eiiutit
1014 500 1140 549 auctora
1155 509 1221 549 vcro
1230 492 1366 548 aberrent

210 595 321 644 nonest
337 587 421 657 hujus
440 586 492 640 loci
511 586 671 649 ostendere;
686 583 735 638 sed
755 598 790 637 ex
808 583 853 638 his
870 584 1007 654 perspicis
1021 583 1096 647 ideo,
1109 582 1232 639 Semlero
1252 581 1365 654 judice,

211 677 360 732 maximam
388 675 471 730 animi
503 675 670 730 libertatem
686 674 715 728 in
743 673 917 746 dogmatibus
953 672 1115 746 indagandis
1147 671 1367 744 judicandisque

211 766 337 823 adhiberi
351 780 446 837 posse,
464 765 551 821 illaesa
569 779 683 835 prorsus
702 762 849 836 religione,
863 764 937 834 quod
951 779 983 819 ea
1002 779 1056 819 uon
1072 764 1100 818 in
1112 763 1249 826 doctrina,
1266 760 1317 817 sed
1334 761 1367 815 in

211 857 336 912 moribus
346 855 543 926 componendis
557 853 792 924 emendandisque
806 854 983 924 potissimum
996 863 1132 910 versetur.

248 946 324 1002 idem
344 946 428 1019 igitur
446 946 490 1000 hic
506 945 608 1001 iterum
621 945 742 1001 occurrit
758 944 926 1015 principium
945 945 1018 1015 quod
1038 944 1094 1015 jam
1111 952 1174 999 ante
1196 943 1369 1000 ollendimus

210 1035 283 1107 apud
294 1036 427 1106 plurimos
437 1036 595 1107 theologos3
611 1043 639 1089 at
653 1034 722 1090 illud
737 1034 824 1106 magis
835 1034 936 1091 evolvit
947 1034 1129 1091 rationalismi
1143 1034 1237 1089 biblici
1250 1049 1369 1104 pascue,

212 1124 283 1181 etad
294 1125 493 1192 liberaliorem,
506 1135 535 1180 ut
548 1125 587 1180 ait
601 1125 675 1195 ipse,
686 1140 768 1180 usum
779 1125 976 1180 accommodat.
987 1125 1128 1180 Hactenus
1139 1123 1218 1178 multi
1233 1121 1369 1193 equidem

212 1215 323 1272 aiebant
339 1232 476 1287 quemque
497 1216 550 1271 sibi
569 1217 596 1269 in
620 1215 755 1270 elicienda
774 1233 789 1271 e
808 1215 959 1287 Scripturis
974 1214 1098 1271 doctrina
1116 1230 1178 1270 esse
1199 1213 1369 1285 permitten-

212 1308 294 1374 dum,
309 1323 360 1363 nec
376 1307 463 1362 ullum
479 1307 602 1363 damnari
618 1321 710 1377 posse,
725 1306 799 1376 quod
812 1306 938 1380 dogmata
951 1306 1072 1377 receptis
1085 1305 1223 1361 contraria
1238 1303 1304 1359 inde
1317 1302 1369 1358 de-

213 1397 408 1470 prompsisset3
429 1408 457 1452 at
477 1413 508 1452 eo
532 1406 697 1452 tamennon
726 1396 973 1468 progrediebantur
994 1404 1025 1450 ut
1046 1403 1216 1461 assererent,
1236 1393 1367 1464 quemvis

213 1488 296 1544 etiam
319 1487 373 1543 sihi
399 1487 612 1558 permittendum
639 1487 668 1542 in
698 1486 899 1560 investigandis
917 1485 1132 1559 judicandisque
1163 1484 1307 1540 authentia
1338 1493 1367 1540 et

213 1576 306 1633 divina
321 1576 454 1631 librorum
474 1578 652 1645 auctoritate,
669 1576 712 1634 vel
732 1578 830 1635 saltem
851 1577 879 1635 id
900 1586 975 1634 certe
987 1577 1019 1632 in
1038 1592 1120 1632 usum
1133 1575 1256 1632 nondum
1274 1574 1368 1630 luerat

214 1666 289 1722 serio
308 1667 400 1721 animo
413 1667 572 1722 adductum.
1361 1702 1365 1710 -

250 1755 333 1826 Atqui
350 1756 419 1811 illud
437 1773 504 1812 sane
520 1759 677 1828 postulabat
689 1757 804 1815 Lutberi
818 1756 996 1829 principium.
1012 1756 1085 1824 Quid
1097 1754 1188 1811 enim‘l
1201 1753 1299 1811 Docuit
1316 1753 1367 1809 ille

214 1845 319 1900 homini
333 1845 485 1902 christiano
500 1863 674 1919 nequaquam
690 1849 724 1904 ab
738 1847 831 1918 aliquo
845 1847 1005 1920 magisterio
1025 1847 1188 1920 religionem
1208 1860 1270 1902 esse
1291 1845 1368 1900 acci-

214 1935 358 2006 piendam,
380 1937 429 1992 sed
455 1938 607 2008 quemlibet
629 1938 730 1994 dehere
750 1952 811 1993 eam
836 1952 869 1991 er
888 1937 968 1994 libris
995 1938 1083 1993 sacris
1113 1952 1197 2008 quam
1221 1936 1371 1992 liberrime

213 2040 311 2080 eruere
324 2043 330 2081 :
345 2042 442 2082 verum
463 2029 625 2100 priusquam
643 2029 692 2084 hos
708 2029 794 2084 libros
816 2027 1022 2099 interpreteris,
1039 2044 1071 2084 ea
1085 2027 1180 2083 statim
1201 2027 1324 2083 occurrit
1338 2027 1368 2082 in

213 2125 389 2173 antecessum
407 2119 537 2175 solvenda
558 2119 688 2189 quaestio,
708 2135 743 2174 an
756 2133 854 2190 reapse
868 2118 924 2174 siut
939 2118 1004 2173 libri
1021 2117 1109 2174 sacri?
1125 2117 1167 2174 dn
1182 2117 1262 2188 liqui
1278 2116 1367 2189 vulgo

214 2208 268 2265 hoc
277 2209 390 2264 nomine
399 2209 527 2266 feruntur
539 2226 634 2265 revera
648 2225 708 2265 eam
723 2209 776 2265 sibi
785 2210 848 2281 jure
857 2208 999 2264 vindicent
1012 2209 1135 2265 divinam
1148 2206 1368 2264 auctoritatem?

214 2296 288 2365 Quin
301 2298 384 2353 etiam
393 2298 495 2369 duplex
507 2299 591 2354 simul
601 2301 690 2356 oritur
699 2299 828 2370 quaestio,
843 2299 943 2356 alinde
957 2299 1075 2355 istorum
1092 2299 1227 2356 librorum
1242 2298 1366 2353 authen-

213 2388 254 2442 tia
268 2396 295 2442 et
307 2386 360 2444 lide
373 2389 521 2456 historica,
535 2390 588 2444 alia
607 2390 642 2446 de
658 2389 818 2446 eorumdem
838 2389 1036 2461 inspiratione;
1050 2397 1166 2460 possent
1182 2387 1257 2443 enirn
1268 2395 1369 2442 aucto-

213 2477 297 2533 ritate
311 2479 432 2535 humana
446 2480 582 2552 gaudere,
596 2489 624 2535 at
637 2480 731 2534 divina
743 2489 835 2535 tamen
849 2495 956 2535 vacare.

251 2567 306 2623 llas
324 2558 437 2640 quidem
459 2571 627 2641 quaestiones
648 2570 772 2626 solvebat
797 2569 937 2625 Lutberus
954 2569 983 2624 in
1004 2571 1048 2625 sui
1070 2568 1206 2625 auxilium
1225 2569 1368 2625 evocando

215 2658 355 2714 internum
381 2658 504 2730 Spiritus
531 2661 619 2716 sancti
642 2660 831 2716 testimonium
848 2677 855 2716 :
875 2660 996 2731 Spiritus
1022 2661 1071 2716 liei
1096 2658 1229 2715 ineiiabili
1251 2674 1369 2730 prorsus

215 2748 322 2805 ratione
351 2749 380 2805 in
401 2751 565 2822 cujusquam
585 2760 677 2806 mente
701 2751 855 2807 testabatur
881 2749 983 2806 librum
1007 2751 1082 2807 hunc
1101 2766 1164 2806 esse
1184 2750 1368 2820 inspiratum,

216 2855 272 2896 non
292 2840 384 2907 illum,
402 2850 485 2911 atque
504 2842 543 2897 ita
561 2842 652 2897 omnis
669 2841 861 2897 removebatur
879 2840 1035 2898 difficultas.
1060 2840 1095 2897 tt
1119 2841 1177 2896 haec
1203 2838 1369 2895 ridiculiora

216 2937 297 2984 erant
309 2946 392 3000 quam
406 2940 436 2986 ut
448 2932 496 2987 diu
511 2941 675 3002 perstarent.
688 2932 722 2987 Et
734 2947 816 2997 vero,
833 2932 905 3002 ‹prrod
919 2931 1024 2986 adrem
1043 2931 1155 2998 attinet,
1174 2946 1228 2986 non
1244 2929 1279 2985 ad
1296 2929 1369 2986 illud

217 3017 338 3090 Spiritus
365 3022 453 3077 sancti
479 3023 670 3078 testimonium
694 3023 841 3096 confugere
865 3021 990 3078 solebant
1017 3021 1138 3094 theologi
1163 3028 1366 3091 protestantes,

217 3108 273 3162 nisi
290 3125 375 3178 quum
396 3110 592 3180 objicientibus
612 3111 756 3166 catholicis
776 3111 850 3166 haud
868 3111 1046 3167 inveniebant
1065 3111 1132 3183 quid
1152 3108 1368 3180 responderent.

218 3196 354 3263 Caeterum
369 3198 503 3256 hactenus
517 3199 675 3271 Scripturas
689 3209 719 3255 ut
732 3199 840 3256 divinas
860 3202 1064 3257 venerabantur
1083 3216 1134 3257 nec
1147 3201 1181 3256 ad
1197 3200 1367 3269 severiorem

218 3287 330 3344 critices
345 3290 477 3344 {utitinam
493 3291 671 3358 revocabant;
691 3299 773 3362 atque
787 3307 817 3346 ea
832 3292 860 3347 iu
874 3308 904 3348 re
922 3293 951 3348 in
964 3291 1183 3363 protestantismi
1204 3287 1367 3344 methodum

217 3378 378 3450 peccabant.
387 3380 416 3435 ld
425 3381 565 3452 perspexit
578 3381 732 3449 Semlerus,
747 3384 899 3457 statuitque
912 3383 1038 3455 quemvis
1050 3399 1105 3438 non
1120 3381 1200 3438 modo
1211 3379 1368 3447 liberrime,

218 3469 293 3524 omni
316 3471 417 3540 praevia
438 3472 491 3528 lide
514 3474 651 3547 neglecta,
676 3472 834 3544 Scripturas
862 3472 1040 3544 interpretari
1064 3472 1181 3538 debere,
1205 3471 1253 3526 scd
1280 3470 1368 3526 etiam

218 3560 278 3630 pari
298 3560 427 3618 libertate
445 3564 654 3635 inquisitionem
671 3565 818 3620 instituere
833 3565 905 3620 circa
927 3580 1023 3620 earum
1042 3552 1219 3619 authentiam
1238 3568 1266 3615 et
1279 3559 1370 3631 inspi-

220 3651 366 3709 rationem.

257 3740 293 3796 Ut
315 3741 399 3815 igitur
417 3745 501 3813 viam,
524 3762 607 3817 quam
628 3746 710 3801 unice
731 3753 818 3801 tutam
841 3754 869 3801 et
888 3739 1213 3817 pseudo-reformationis
1233 3736 1368 3794 methodo

220 3833 430 3890 convenientem
450 3837 604 3904 existimat,
624 3845 652 3892 et
671 3836 732 3906 ipse
749 3836 823 3892 ineat
836 3836 932 3906 sicque
950 3835 1014 3890 aliis
1032 3831 1165 3903 exemplo,
1177 3845 1239 3886 esse
1258 3828 1367 3900 possit,

219 3935 302 3990 qnam
320 3921 462 3983 liberrimo
484 3926 576 3983 animo
593 3926 628 3982 de
645 3940 786 3981 sacrorum
803 3925 937 3983 librorum
956 3940 1060 3981 canone
1079 3921 1196 3994 inquirit
1216 3917 1273 3994 (l).
1296 3917 1372 3973 liuic

220 4024 303 4081 porro
322 4014 453 4070 methodo
470 4033 525 4074 non
539 4018 710 4076 consentiret
729 4018 753 4074 si
765 4018 853 4076 libros
867 4018 930 4074 illos
944 4026 975 4073 ut
987 4015 1122 4091 genuinos
1134 4026 1262 4070 sacrosve
1275 4009 1369 4065 habe-

251 4172 295 4239 (1)
313 4175 385 4236 Quod
402 4177 506 4245 quidem
523 4179 650 4234 libertatis
668 4180 825 4250 principium
845 4180 885 4234 vel
902 4179 930 4231 in
950 4179 1007 4246 ipso
1025 4177 1109 4245 operis
1126 4177 1202 4230 titulo
1224 4173 1375 4243 exprimere·

222 4251 304 4306 voluit
319 4271 325 4307 :
337 4274 401 4327 opus
412 4260 510 4330 quippe
521 4261 672 4317 inscribitur
684 4279 691 4314 t
704 4266 773 4316 Freic
787 4265 974 4327 Uatcraucbanq
986 4264 1027 4314 des
1040 4263 1149 4314 Conona.
