3150 5160
675 401 700 444 s.
723 400 907 445 arnaunsrus
1317 386 1353 445 61

219 549 340 620 inquam,
358 548 420 604 illas
439 562 501 605 esse
519 546 733 602 christianorum
748 548 956 616 possessiouem,
977 555 1005 602 et
1017 546 1052 602 ab
1066 547 1102 603 iis
1121 555 1228 603 tautum
1242 548 1359 621 intelligi

217 654 333 710 quorum
355 646 476 693 mentem
497 653 530 694 ac
548 652 663 694 sensum
686 636 871 693 christianum
890 635 1020 692 formavit
1039 637 1164 693 Ecclesia
1186 636 1247 711 (l).
1267 637 1360 710 Scrip-

218 738 285 784 turae
303 736 397 784 auteur
416 744 553 798 nusquam
573 727 607 784 ab
627 725 759 783 Ecclesiae
780 725 906 782 doctriua
926 726 1085 798 discrepare
1105 736 1238 797 possunt,
1258 728 1361 799 quippe

217 835 277 890 quae
290 820 325 875 ab
338 818 435 875 eodem
448 818 523 875 lonte
541 817 670 890 prolectae
683 826 764 882 sunt3
785 824 814 872 et
829 816 933 873 idcireo
954 816 1001 872 uhi
1019 815 1173 872 doctrinam
1191 818 1225 872 ab
1238 817 1361 874 Ecclesia

216 908 347 964 traditam
360 922 394 963 ex
407 907 559 980 Scripturis
573 922 734 981 oppugnare
750 907 904 963 moliuntur
924 907 1061 973 haeretici,
1077 923 1173 964 eorum
1193 907 1360 978 iuterpreta-

216 998 306 1054 tiones
330 1014 349 1053 o
370 999 463 1068 priori
491 997 584 1069 rejicit
610 1012 643 1053 ac
665 997 778 1054 damnat
804 997 993 1064 Athanasius,
1016 998 1135 1069 illosque
1157 1013 1221 1053 cnm
1249 997 1360 1056 diabolo

217 1097 368 1160 comparat,
391 1089 453 1159 qui,
476 1087 583 1158 inquit,
607 1107 621 1140 a
642 1089 726 1144 verba
747 1087 953 1160 scripturarum
976 1103 1111 1159 usurpare
1134 1089 1220 1155 solet,
1250 1097 1281 1144 ut
1302 1087 1360 1145 illis

215 1179 416 1250 quodammodo
429 1178 569 1246 obtectus,
584 1192 667 1234 suum
679 1192 817 1234 venenum
832 1177 921 1250 possit
934 1176 1046 1234 facilius
1059 1192 1190 1251 spargere
1203 1177 1360 1250 simplices·

214 1284 270 1340 que
288 1268 489 1325 circumvenire
513 1266 602 1341 iil.»

252 1357 382 1414 Haeretici
400 1374 483 1430 porro
501 1358 646 1415 christiani
666 1375 722 1415 uon
745 1368 826 1425 suut,
849 1374 901 1416 nec
926 1358 1072 1415 christiani
1094 1360 1283 1431 appellantur3
1311 1360 1361 1417 sed

217 1464 317 1505 nomeu
337 1451 398 1522 ejus
416 1459 516 1524 gerunt
529 1466 611 1522 quem
626 1459 691 1507 suut
704 1449 803 1506 secuti.
823 1449 917 1521 ltaque
936 1449 1082 1506 Marcionis
1099 1450 1232 1522 discipuli
1246 1451 1361 1507 biarcio·

214 1542 291 1605 uitae,
313 1540 451 1596 Valentini
464 1539 664 1607 Valentiniani,
678 1538 738 1595 Arii
760 1554 826 1596 vcro
845 1539 940 1596 Ariani
962 1539 1028 1595 dicti
1051 1538 1144 1608 iuerc;
1167 1539 1240 1596 idem
1258 1541 1293 1596 de
1306 1541 1361 1595 Lu·

216 1631 341 1687 theranis
360 1641 387 1688 et
405 1620 626 1688 calvinianis...
642 1630 706 1702 jure
724 1630 838 1686 dixeris.
854 1629 912 1685 lioe
930 1637 1123 1702 argumentum
1136 1631 1247 1701 copiose
1260 1631 1362 1687 evolvit

215 1722 386 1780 Athanasius
414 1723 494 1779 initio
516 1722 657 1778 Oratioaub
673 1721 703 1775 ll
724 1725 819 1776 contra
840 1720 974 1786 Arianos,
999 1728 1084 1791 atque
1107 1720 1166 1776 haec
1190 1720 1225 1777 de
1250 1719 1362 1778 Arianis

215 1809 321 1869 habet:
343 1831 358 1864 ι
372 1811 417 1868 Sic
439 1812 524 1886 igitur
544 1812 629 1867 etiam
651 1819 796 1883 postquam
815 1811 903 1866 beatae
927 1810 1070 1865 memoriae
1091 1809 1247 1866 Alexander
1264 1809 1362 1866 Arium

213 1900 312 1973 eiecit,
337 1902 366 1956 hi
390 1901 438 1973 qui
463 1917 527 1957 curn
548 1899 702 1956 Alexandro
719 1901 917 1971 perstiterunt,
939 1899 1104 1968 christiani,
1128 1908 1158 1956 ut
1179 1910 1273 1968 antea,
1294 1901 1361 1957 dieti

215 2000 297 2059 sunt;
308 1991 356 2062 qui
367 1999 459 2047 autem
473 2006 535 2046 cum
550 1989 615 2047 Ario
629 2000 817 2056 recesserunt,
833 1989 989 2046 salvatoris
1008 2005 1107 2046 nomeu
1122 1991 1217 2054 nobis,
1237 1990 1362 2061 quicum

214 2081 371 2137 Alexandro
393 2080 594 2148 remansimus,
614 2081 803 2152 reliquerunt,
819 2089 846 2135 et
865 2080 906 2136 illi
919 2079 977 2149 jam
998 2081 1065 2136 iude
1078 2079 1174 2136 Ariani
1187 2089 1254 2136 sunt
1265 2082 1361 2153 appel-

212 2173 276 2228 lati.
299 2172 370 2228 ilinc
392 2186 457 2246 ergo
475 2173 522 2244 qui
542 2173 609 2227 item
627 2181 691 2243 post
711 2169 859 2227 Alexandri
889 2178 1009 2226 mortem
1033 2186 1096 2226 cum
1125 2170 1278 2228 Athanasio
1301 2173 1362 2244 ejus

196 2320 197 2323 ,
211 2276 378 2318 successore
391 2271 420 2317 et
431 2262 495 2318 aliis
508 2262 676 2333 quibuscum
696 2261 756 2333 ipse
774 2260 975 2326 communicat,
997 2261 1203 2318 communicant
1220 2261 1269 2332 (aa
1280 2263 1363 2332 siqua

213 2352 334 2407 unitatis
352 2352 498 2426 rubruc),
516 2351 642 2408 eamdem
660 2351 701 2406 illi
718 2351 841 2408 retinent
868 2351 998 2415 formam,
1018 2367 1109 2423 neque
1126 2352 1211 2423 aliqui
1231 2353 1303 2409 inter
1315 2368 1363 2409 eos

214 2442 328 2497 nomiae
353 2443 414 2514 ejus
436 2443 640 2518 insigniuntur,
665 2457 755 2515 neque
777 2442 837 2515 ipse
859 2442 987 2509 illorum,
1012 2442 1062 2498 sed
1087 2457 1184 2498 omncs
1210 2457 1308 2498 rursus
1335 2451 1363 2498 et

211 2540 349 2587 consueto
366 2547 442 2588 more
459 2532 605 2588 christiani
627 2543 804 2590 vocantur.»
828 2533 914 2605 Cujus
932 2532 1045 2604 quidem
1067 2533 1108 2588 rei
1131 2533 1268 2605 rationem
1292 2532 1365 2587 hauc

207 2621 347 2677 adducit:
369 2641 383 2674 a
403 2620 525 2679 Tametsi
543 2624 619 2679 anim
641 2625 837 2699 magistrorum
867 2639 1044 2680 successores
1068 2623 1219 2686 habemus,
1245 2636 1364 2691 quorum

209 2713 350 2768 allicimur
367 2711 625 2785 discipuli··loblter
649 2715 696 2769 hic
713 2714 902 2770 animadverte
924 2712 1157 2784 quemadmodum
1178 2710 1365 2766 iustitutionis

211 2811 242 2858 et
260 2801 433 2857 auctoritatis
452 2802 613 2857 methodum
633 2802 671 2857 ita
687 2812 805 2873 exponat
822 2803 1005 2868 Athanasius,
1025 2811 1056 2857 ut
1076 2817 1112 2858 nc
1131 2802 1166 2857 de
1179 2801 1233 2856 alia
1251 2800 1364 2870 quidem

210 2890 336 2964 cogitare
353 2889 519 2962 videaturl:
540 2899 633 2946 tamen
652 2891 719 2962 quia
742 2907 789 2954 ea,
810 2901 954 2962 quaesunt
973 2891 1090 2958 Christi,
1109 2908 1160 2948 uos
1185 2891 1226 2947 illi
1248 2891 1363 2959 docent,

212 2980 360 3038 christiani
378 2981 559 3037 nihilomiuus
572 2988 601 3036 et
613 2991 711 3037 sumus
725 2990 753 3037 et
769 2981 899 3037 dicimur.
919 2982 1016 3053 Atqui
1030 2990 1186 3052 sequuntur
1197 2980 1363 3048 haereticos,

211 3073 431 3129 innumerabiles
457 3072 522 3128 lieet
549 3086 727 3128 successores
752 3072 915 3140 habuerint,
940 3073 1001 3145 ejus
1032 3088 1143 3145 semper
1165 3072 1293 3138 nomine,
1314 3072 1363 3143 qui

211 3163 329 3219 haeresis
346 3179 478 3219 ruvaurou
491 3163 558 3229 init,
570 3161 783 3234 appellabuntur
796 3161 855 3236 (ὅ).
869 3183 883 3216 ι
898 3164 932 3219 Ει
946 3178 1011 3219 vero
1025 3178 1107 3219 causa
1120 3179 1170 3221 cur
1183 3164 1228 3219 sui
1241 3163 1363 3219 auctoris

210 3251 325 3309 nomine
337 3252 476 3308 donentur
493 3252 616 3309 haeretici
636 3252 663 3306 iu
682 3261 809 3325 promptu
828 3262 886 3321 est,
901 3253 1030 3325 quoniam
1050 3270 1150 3326 nempe
1165 3254 1230 3311 novi
1243 3252 1311 3325 quid
1331 3269 1363 3310 ac

211 3343 318 3415 proprii
343 3345 449 3399 invenit
474 3352 503 3399 et
522 3341 687 3417 excogitavit
712 3343 910 3411 haeresiarcha,
933 3361 988 3401 nou
1007 3354 1100 3402 autem
1124 3346 1270 3416 antiquum
1299 3343 1363 3401 fidei

210 3432 371 3504 depositum
389 3433 511 3490 tradidit.

250 3522 376 3579 Proiecto
395 3523 420 3579 si
442 3525 499 3580 haec
519 3523 699 3596 perpenderis
718 3533 801 3595 atque
820 3524 853 3580 ad
874 3525 1027 3580 bulherum
1046 3532 1074 3579 ct
1087 3522 1232 3580 Calvinum
1255 3539 1363 3580 accona-

210 3612 327 3670 modare
348 3614 488 3681 volueris,
508 3615 556 3684 qui
579 3613 626 3669 ilia
648 3615 677 3669 in
696 3615 773 3687 ipsos
795 3615 919 3687 perbelle
941 3614 1078 3686 quadrare
1101 3630 1155 3671 nou
1174 3614 1300 3671 fatearis
1313 3631 1363 3689 ego

210 3704 295 3776 plane
313 3719 368 3760 uon
386 3703 476 3760 video.
497 3702 598 3760 Verum
614 3703 796 3762 Athanasium
815 3705 871 3777 jam
887 3705 1030 3762 mittamus
1049 3720 1164 3763 necesse
1185 3714 1245 3772 est;
1262 3704 1299 3761 ad
1311 3706 1362 3762 Ba·

210 3793 310 3850 siliunt
324 3808 516 3867 properamus.

245 4032 293 4094 (l)
309 4032 344 4083 ct.
360 4033 533 4084 Debuerant.
547 4048 573 4083 n.
587 4035 631 4093 56,
645 4038 689 4094 57;
703 4038 772 4085 Orat.
785 4038 819 4086 il'
828 4003 915 4086 cotnra
929 4038 1053 4096 Arianos,
1068 4053 1094 4087 n.
1108 4041 1149 4087 54.

244 4112 286 4179 (2)
304 4117 375 4167 Orat.
388 4120 403 4166 i
413 4122 501 4166 conire
514 4118 633 4177 Arianos,
646 4132 673 4167 n.
685 4119 709 4166 8.
723 4116 760 4169 Gi.
774 4121 853 4183 Epist.
867 4119 959 4185 carpel.
977 4120 1010 4169 cd
1021 4121 1103 4184 Epioe.
1121 4119 1212 4185 Eppplt'
1228 4124 1250 4168 ct
1264 4115 1362 4181 Libyca,

209 4210 238 4248 ll.
253 4200 278 4244 d.

245 4276 291 4343 (5)
303 4282 372 4332 Orat.
392 4281 402 4331 l
420 4288 508 4333 cerata-a
524 4284 646 4345 Arianos,
663 4298 688 4333 n.
709 4286 738 4345 ὅς
758 4283 789 4334 ci.
808 4299 835 4334 n·
852 4288 880 4346 Ξ,
899 4289 923 4334 l.
