3150 5160
210 341 250 401 86
326 356 364 397 us
381 354 420 398 us
435 353 648 409 narniensem
663 352 735 396 uosr
750 353 840 396 mauu
855 351 1060 396 arosromcuu
1076 352 1241 397 rnouuuuu.

209 516 240 558 se
251 501 323 556 beue
337 499 456 573 gesserit
471 499 627 572 dignusque
644 497 743 563 luerit,
756 506 923 569 assequatur
938 508 1022 571 atque
1037 499 1188 571 percipiat,
1204 509 1232 555 et
1248 502 1358 554 omniuo

207 593 266 646 aiae
279 593 397 660 quodam
410 590 491 660 praui
507 590 683 643 auctoritatis
697 590 814 658 irnperio
826 589 898 643 iniri
913 594 980 645 recte
996 592 1072 646 nollo
1085 598 1164 661 paolo
1179 595 1264 661 potest
1278 589 1333 664 (l).
1343 610 1357 642 a

209 681 250 737 En
267 681 355 737 thesis
376 695 458 750 quam
480 678 722 734 demonstrandam
742 678 869 750 suscipit.
886 678 980 747 «Sed,
992 681 1031 736 ita
1045 681 1120 751 loqui
1138 682 1241 754 pergit,
1257 668 1358 751 quaeris

209 769 327 826 sortasse
338 770 381 828 uel
395 771 430 825 de
442 771 495 826 hoc
509 769 570 841 ipso
584 770 705 840 aliquam
714 769 840 840 accipere
851 771 1003 834 rationem,
1017 786 1070 841 qua
1081 771 1130 826 tibi
1142 772 1357 842 persuadeatur,

209 877 265 917 non
284 860 363 931 prius
385 860 493 916 ratione
512 875 596 930 quam
614 858 668 914 tide
689 868 717 915 te
735 874 798 914 csso
818 859 983 915 docendum.
1005 859 1083 927 Quod
1104 859 1183 916 lacile
1206 869 1312 932 potest,
1334 861 1358 915 si

208 950 290 1007 modo
303 966 413 1022 aequum
431 959 459 1005 te
471 949 594 1020 praebeas
613 946 668 1022 (ἓ).
681 968 695 1000 a
712 949 806 1019 ltaque
825 950 946 1020 primum
964 959 1159 1023 argumentum
1177 966 1232 1021 quo
1253 950 1281 1004 in
1296 949 1358 1005 reli-

210 1042 292 1114 gione
305 1040 436 1097 credendi
450 1039 644 1096 necessitatem
662 1039 776 1096 suadeat
795 1039 860 1095 inde
878 1040 970 1106 ducit,
984 1041 1057 1112 quod
1074 1041 1197 1096 omnium
1213 1032 1358 1096 hominum

211 1132 248 1188 sit
261 1131 373 1205 religio,
389 1129 515 1203 quamvis
528 1130 659 1202 perpauci
675 1140 767 1186 tamen
786 1131 973 1202 percipiendis
989 1131 1144 1186 rationibus
1159 1130 1261 1200 quibus
1279 1144 1357 1184 mens

210 1223 245 1278 ad
266 1222 388 1278 divinam
413 1222 624 1295 intelligentiam
647 1221 800 1277 adducatur
819 1222 876 1291 apti
901 1230 993 1277 suut:
1019 1241 1033 1273 a
1049 1220 1117 1277 Cum
1137 1237 1182 1276 res
1208 1228 1286 1275 tauta
1311 1219 1356 1284 sit,

211 1321 242 1368 ut
263 1314 335 1368 Deus
366 1312 415 1367 tibi
439 1311 547 1366 ratione
569 1310 776 1384 cognoscendus
803 1311 858 1378 sit,
886 1327 1019 1368 omnesne
1045 1321 1127 1383 putas
1150 1311 1265 1367 idoneos
1296 1325 1357 1367 esse

209 1401 396 1474 percipiendis
415 1401 583 1467 rationibus,
601 1402 703 1472 quibus
720 1401 754 1456 ad
772 1401 894 1457 divinam
915 1402 1127 1475 intelligentiam
1147 1417 1227 1458 mens
1245 1398 1357 1456 ducitur

211 1492 346 1560 bumana,
359 1508 395 1547 an
412 1494 522 1564 plures,
542 1508 577 1547 aa
595 1490 715 1565 paucos‘l
732 1492 853 1559 Paucos,
869 1492 927 1559 ais,
942 1492 1079 1548 existimo.
1099 1493 1242 1549 llorumne
1259 1492 1288 1547 in
1306 1509 1356 1547 nu-

211 1599 288 1639 mero
305 1599 367 1639 esse
384 1593 412 1639 te
430 1581 537 1639 credis?
553 1582 612 1639 Non
631 1592 674 1640 est
689 1599 797 1648 meum,
817 1582 923 1654 inquis,
940 1583 992 1638 hoc
1009 1582 1239 1653 respondere...
1256 1581 1356 1637 Verum

212 1672 256 1730 lac
266 1673 304 1730 ita
317 1690 395 1741 esse,
408 1683 436 1730 et
449 1689 514 1729 vero
528 1674 621 1729 animo
639 1681 667 1729 te
681 1673 716 1730 ad
729 1673 918 1744 accipiendam
931 1672 1093 1746 religionem
1113 1672 1258 1737 accedere,
1273 1680 1301 1727 et
1320 1671 1357 1726 ita

212 1779 363 1835 paucorum
379 1773 407 1819 te
427 1779 489 1820 esse
509 1763 668 1829 bominum,
682 1773 714 1820 ut
727 1763 861 1828 rationes,
879 1763 981 1834 quibus
1002 1763 1037 1818 ad
1056 1764 1159 1818 certam
1173 1760 1358 1836 cognitionem

211 1854 254 1910 vis
267 1855 361 1911 diviua
380 1855 556 1926 perducitur,
576 1871 674 1927 capere
691 1855 783 1928 possis
799 1873 806 1911 :
821 1857 903 1926 qaid,
922 1859 1025 1911 aeterra
1045 1857 1216 1921 bominibus,
1234 1858 1284 1928 qai
1303 1862 1359 1910 tom

212 1961 305 2000 sereno
329 1947 438 2017 ingenio
459 1948 571 2017 proditi
589 1963 645 2001 aon
666 1951 746 2010 rant,
767 1948 922 2018 aagendam
944 1947 1105 2017 religionem
1123 1948 1228 2017 patos?
1247 1944 1290 2000 An
1310 1960 1356 2000 eos

215 2036 386 2107 pedetentim
400 2037 564 2108 quibusdam
578 2036 709 2110 gradibus
721 2036 754 2092 ad
768 2037 815 2092 illa
833 2052 942 2092 summa
958 2037 1110 2108 penetralia
1124 2051 1187 2092 esse
1200 2033 1358 2090 ducendos?

214 2127 298 2183 Vides
310 2126 391 2198 plane
406 2128 472 2199 quid
485 2128 523 2184 sit
533 2127 700 2200 religiosius.
714 2125 809 2197 Neque
821 2127 894 2182 enim
909 2126 959 2181 tibi
974 2127 1067 2197 quivis
1082 2127 1165 2182 bomo
1178 2126 1206 2180 in
1222 2125 1263 2180 rei
1276 2133 1359 2180 tantae

215 2218 365 2289 cupiditate
379 2218 435 2275 ullo
449 2219 529 2276 modo
543 2218 714 2274 deserendus
727 2227 776 2274 aut
789 2217 962 2289 respuendus
975 2217 1064 2273 videri
1078 2223 1168 2288 potest
1182 2213 1237 2290 (5).
1251 2233 1265 2266 a

251 2306 386 2376 Quoniam
405 2309 489 2381 igitur
505 2309 646 2381 plerisque
662 2309 806 2364 bominum
823 2307 996 2364 auctoritatis
1009 2307 1054 2362 via
1075 2321 1191 2377 prorsus
1211 2320 1281 2375 opus
1302 2313 1357 2366 est,

215 2411 269 2467 qua
290 2397 325 2452 ad
348 2397 509 2471 religionem
531 2399 748 2472 cognoscendam
773 2399 951 2474 gradiantur,
975 2397 1062 2467 liquet
1085 2396 1165 2467 plane
1189 2395 1264 2451 viam
1288 2395 1360 2450 bano

216 2503 389 2560 nequaquam
410 2487 535 2545 damnari
553 2498 602 2545 aut
623 2490 701 2562 rejici
727 2506 828 2561 posse;
848 2491 972 2562 alioquin
991 2488 1152 2543 uuiversum
1179 2501 1251 2557 pene
1275 2500 1362 2558 genus

216 2579 370 2635 humanum
393 2581 422 2636 in
445 2579 622 2636 densissimis
646 2580 769 2636 tenebris
796 2581 864 2636 citra
890 2579 1055 2652 religionem
1080 2575 1238 2632 miserrime
1263 2573 1363 2647 degere

217 2669 302 2744 cogis.
325 2669 450 2738 Quodsi
474 2672 501 2727 id
522 2671 586 2741 jure
608 2673 818 2742 perhorrescas,
840 2685 955 2727 necesse
977 2683 1040 2725 esse
1062 2675 1093 2723 ut
1114 2666 1249 2721 habeatur
1271 2664 1362 2736 aliqua

217 2760 367 2818 auctoritas
384 2761 429 2817 cui
447 2761 575 2818 homiues
593 2762 707 2819 credant
725 2762 836 2817 fatearis
858 2768 976 2832 oportet.

256 2851 334 2919 Quod
350 2853 409 2924 jam
428 2854 528 2910 attinet
543 2854 577 2909 ad
596 2869 697 2925 paucos
715 2854 779 2909 illos
799 2851 926 2908 homines
943 2850 991 2920 qui
1012 2847 1121 2905 caeteris
1140 2856 1167 2902 et
1186 2845 1288 2900 mentis
1306 2845 1365 2899 acic

219 2941 381 2997 strationis
400 2942 476 2999 cultu
495 2945 613 2999 multum
634 2952 780 3016 praestant,
800 2942 890 3015 primo
910 2940 1022 3012 quidem
1043 2936 1217 2994 auctoritatis
1234 2936 1278 2991 via
1295 2935 1364 3006 ipsis

218 3045 286 3084 sane
299 3029 396 3086 obesse
406 3032 517 3102 nequit:
528 3032 577 3088 sed
590 3049 710 3104 opus-ne
721 3042 763 3088 est
774 3042 805 3088 ut
816 3047 877 3087 eam
891 3047 946 3086 nou
960 3045 1040 3085 secus
1055 3037 1137 3099 atque
1147 3026 1194 3081 alii
1207 3022 1365 3081 sectentur?

219 3118 261 3174 lta
273 3128 361 3186 certe,
378 3120 417 3176 ait
430 3120 615 3194 Augustinus,
630 3123 713 3194 idque
728 3123 763 3178 ob
776 3122 915 3193 duplicem
929 3120 1106 3192 potissimum
1124 3118 1280 3173 rationem:
1296 3133 1365 3188 quo-

219 3208 295 3264 niam
308 3225 406 3281 nempe
418 3211 534 3281 alioqui,
546 3212 598 3267 etsi
614 3211 684 3268 sorte
699 3213 791 3268 minus
808 3211 878 3278 sibi,
892 3220 920 3266 at
934 3210 1042 3267 caeteris
1060 3210 1158 3265 saltem
1172 3209 1297 3279 exemplo
1314 3223 1366 3263 suo

220 3309 365 3367 nocereut;
384 3300 483 3356 deinde
503 3317 568 3358 uero
587 3302 658 3374 quod
676 3302 720 3357 via
733 3303 792 3357 baec
811 3311 839 3357 et
855 3301 924 3373 ipsis
943 3301 1080 3357 salubrior
1095 3316 1127 3355 ac
1143 3299 1230 3354 tutior
1251 3297 1364 3354 omniuo

219 3397 370 3461 appareat:
387 3390 484 3459 «Quid
503 3407 568 3464 ergo
586 3392 665 3458 istis,
686 3407 802 3463 quorum
823 3392 857 3448 de
878 3406 979 3463 genere
999 3399 1027 3446 te
1046 3405 1108 3445 esse
1125 3389 1182 3460 jam
1201 3387 1299 3454 credo,
1318 3389 1365 3459 qui

220 3480 350 3537 facillime
361 3481 454 3537 diviua
467 3482 576 3538 decreta
593 3484 699 3538 ratione
715 3490 789 3538 certa
807 3497 905 3553 capere
924 3489 1056 3552 possunt,
1071 3479 1095 3535 si
1114 3481 1166 3535 hac
1178 3479 1223 3534 via
1238 3478 1364 3545 veniant,

221 3589 275 3644 qua
297 3573 338 3629 illi
356 3573 403 3644 qui
425 3573 556 3643 primitus
577 3573 708 3639 credunt,
728 3571 864 3643 numquid
886 3570 997 3626 tandem
1024 3568 1131 3627 oberit?
1153 3570 1214 3626 Non
1236 3568 1364 3624 arbitror.

222 3661 276 3718 Sed
297 3672 406 3730 tamen,
425 3663 483 3729 aia,
505 3664 572 3733 quid
596 3677 643 3718 eos
666 3661 768 3718 morari
790 3677 861 3733 opus
883 3659 946 3716 est‘l
965 3659 1035 3728 Quia
1056 3660 1109 3715 etsi
1131 3659 1202 3715 lacto
1221 3658 1274 3714 sibi
1296 3659 1367 3713 nihil

223 3752 379 3819 nocebunt,
402 3753 542 3809 nocebunt
562 3762 655 3809 tamen
677 3752 802 3824 exemplo
828 3752 945 3808 caeteris.
973 3751 1024 3808 Vir
1047 3751 1121 3807 enim
1148 3758 1191 3806 est
1212 3749 1260 3820 qui
1280 3749 1316 3804 de
1337 3767 1368 3805 re

222 3850 330 3898 tantum
352 3843 466 3911 sentiat,
489 3852 624 3915 quantum
645 3852 762 3914 potest:
785 3842 833 3899 sed
855 3843 902 3913 qui
925 3842 1034 3907 minus,
1055 3839 1217 3895 excitandus
1241 3848 1300 3904 est;
1320 3839 1368 3910 qui

223 3932 356 4004 amplius,
373 3933 583 4004 reprimendus;
597 3941 629 3990 ut
645 3949 734 4004 neque
753 3934 800 3990 illc
818 3932 1011 4004 desperatione
1030 3930 1184 4004 frangatur,
1205 3944 1295 4000 neque
1316 3930 1369 3986 iste

257 4086 339 4152 (llll.
352 4086 397 4146 lx,
414 4102 440 4136 n.
454 4091 495 4138 tl.

257 4170 303 4235 (a)
315 4169 378 4219 roua.
391 4184 417 4219 n.
429 4173 470 4218 aa.

258 4251 303 4317 (5)
314 4250 342 4300 G.
353 4251 386 4314 ll,
401 4266 427 4301 n.
439 4254 480 4300 2⁴.
