3150 5160
252 381 290 426 nu
307 378 480 425 narratoris
496 378 574 424 nuru
596 377 741 422 scutrum
761 376 859 422 cucur
879 375 1072 422 countrtouu.
1217 359 1237 418 5

94 527 191 584 doctor
216 541 249 583 ae
271 537 425 599 praeceptor
449 533 598 596 custosque
626 523 753 581 efficitur.
778 522 963 591 Quamobrem
985 525 1020 580 ab
1045 538 1077 579 ea
1099 529 1180 578 aetate
1204 519 1240 576 ad

95 618 225 689 scriptam
244 619 333 692 legem
352 632 454 689 usque,
475 615 536 687 ipsc
558 613 652 672 divino
672 614 831 688 magisterio
851 629 928 670 sacra
947 614 1074 688 dogmata
1093 611 1241 668 traduntur

95 719 123 764 et
141 718 351 765 conservantur.

133 800 227 871 ltaque
244 800 268 855 si
284 799 442 855 universam
457 796 542 861 hanc,
561 810 643 866 quam
661 795 794 850 hacteuus
812 793 890 849 brevi
906 791 1070 865 compendio
1087 790 1240 848 delineari·

95 905 158 944 mus
177 889 323 960 epocham,
344 903 399 944 unc
418 894 567 956 conspectu
585 885 688 940 intueri
710 885 851 950 columna,
873 900 904 940 ea
924 884 1006 940 nobis
1026 884 1080 938 alta
1100 882 1129 937 in
1148 890 1241 937 mente

95 980 228 1036 insidebit
245 980 396 1044 sententia,
419 975 483 1033 inde
499 976 534 1032 ab
553 975 618 1031 orbe
637 975 748 1032 condito
767 975 801 1029 ad
826 975 937 1046 Moysen
961 989 1049 1045 usque
1067 986 1241 1043 nequaquam

96 1071 195 1144 priuati
213 1071 337 1142 cujusvis
349 1068 454 1141 judicic
470 1066 633 1138 permissam
649 1066 735 1122 luisse
755 1065 930 1139 religionem,
945 1065 994 1120 sed
1009 1063 1180 1119 auctoritatis
1194 1062 1240 1116 uia

96 1160 225 1218 traditam
247 1168 451 1230 serratamquc;
480 1166 509 1212 et
530 1157 569 1212 ita
589 1157 702 1228 quidem
725 1156 760 1211 ab
783 1155 834 1211 bac
858 1154 986 1210 methodo
1011 1151 1131 1224 pendere
1151 1150 1240 1205 uisam

96 1267 172 1316 csse,
192 1261 223 1307 ut
241 1250 331 1306 sicubi
351 1248 517 1305 imbecillior
533 1247 626 1303 extitit
644 1246 806 1312 auctoritas,
828 1261 891 1301 mox
911 1247 970 1317 ipsa
993 1244 1089 1318 religio
1109 1242 1193 1298 dilabi
1212 1250 1241 1297 et

97 1343 125 1397 in
148 1342 300 1414 perniciem
322 1355 403 1396 ruere
427 1338 551 1410 coeperit.
576 1337 677 1410 Igitur,
699 1345 729 1392 ut
756 1352 812 1392 uno
834 1336 918 1392 verbo
940 1336 1032 1391 omnia
1054 1333 1238 1406 complectar,

97 1442 187 1489 stante
202 1432 379 1495 auctoritate,
392 1430 471 1486 stetit
489 1438 517 1484 et
533 1427 644 1501 religic;
664 1428 710 1482 illa
730 1442 794 1483 vero
807 1425 964 1493 deficiente,
985 1427 1044 1482 hacc
1063 1433 1091 1481 et
1111 1423 1242 1480 similiter

96 1525 226 1580 vacillare
243 1539 276 1579 ac
295 1521 453 1596 labefactari
471 1520 532 1576 risa
552 1527 605 1576 est.

99 1637 102 1643 ’
133 1613 213 1670 Nunc
233 1629 299 1671 vero
321 1613 355 1669 ad
378 1610 447 1685 legis
466 1608 594 1666 mosaicae
610 1615 721 1664 aetatem
739 1606 855 1682 gradum
872 1605 998 1664 iacimus.

640 1804 698 1878 §a

268 2025 301 2065 DE
320 2021 471 2064 untiotcltts
490 2020 573 2064 slew
591 2020 713 2062 TEMPORE
732 2015 929 2060 LEGISLthOh'lS
947 2010 1074 2056 hostien.

134 2205 165 2260 ln
179 2204 232 2260 hoc
243 2203 360 2261 articulo
374 2204 462 2260 multo
476 2204 647 2276 pluraquam
661 2203 690 2258 iu
708 2200 844 2274 superiori
856 2199 971 2256 dicenda
984 2206 1145 2264 occurrunt,
1160 2197 1242 2253 adco-

96 2312 151 2368 quc
160 2295 277 2370 longiori
290 2297 374 2353 etiarn
388 2295 468 2351 nobis
482 2311 552 2367 opus
564 2293 766 2359 minoratione,
781 2307 834 2363 qua
847 2292 974 2347 universa
984 2306 1046 2362 quae
1055 2288 1089 2345 ad
1099 2287 1242 2362 religionis

96 2387 258 2444 methodum
273 2386 433 2442 attinentia
449 2396 544 2456 aperto
558 2385 738 2450 collocemus,
752 2398 803 2439 nec
820 2383 906 2438 ullum
922 2382 956 2439 ad
973 2399 1032 2439 rem
1049 2380 1242 2437 illustrandam

96 2476 234 2549 praecipue
252 2476 396 2534 conferens
417 2486 589 2532 momentum
611 2476 640 2532 in
660 2475 751 2531 medio
772 2475 970 2546 relinquamus.

133 2567 256 2622 Primum
277 2566 389 2638 quidem
410 2582 506 2623 omncs
521 2567 616 2623 vident
631 2583 682 2623 uos
700 2565 745 2621 hic
761 2566 789 2621 in
803 2582 835 2621 ca
853 2563 995 2638 religionis
1011 2562 1114 2634 epocha
1135 2558 1242 2617 uersari

98 2671 172 2726 quae,
194 2657 266 2727 quod
286 2657 320 2712 ad
342 2657 458 2713 formam
480 2666 602 2728 spectat,
625 2656 789 2712 Christianae
812 2655 955 2728 religionis
980 2662 1070 2709 status
1093 2651 1241 2724 imaginem

100 2762 183 2816 quam
202 2747 371 2802 simillimam
388 2746 492 2803 relcrre
510 2748 628 2802 videtur.
647 2747 736 2803 Antea
756 2748 830 2802 enim
851 2746 959 2800 nullum
980 2753 1039 2800 erat
1055 2741 1243 2811 conscriptum

100 2834 297 2888 documentum
316 2849 370 2903 quc
388 2850 466 2890 saera
481 2835 608 2905 dogmata
626 2844 759 2893 caetcravc
776 2837 811 2891 ad
826 2835 951 2891 divinum
971 2833 1077 2889 cultum
1100 2830 1243 2903 pertiuen-

102 2923 141 2978 tia
158 2922 381 2990 continerentur;
405 2934 434 2980 at
451 2941 525 2981 nunc
543 2924 587 2981 len
606 2925 747 2998 religionis
766 2925 869 2996 scripto
894 2923 1052 2987 mandatum
1077 2921 1132 2976 imo
1156 2920 1242 2986 ritus,

103 3013 288 3077 caeremoniae,
304 3023 439 3085 praecepta
458 3031 572 3087 quaeque
589 3014 622 3071 ad
643 3031 762 3086 quorum
779 3030 903 3071 normam
923 3030 968 3070 res
991 3012 1118 3087 religiosa
1139 3027 1244 3084 expeu-

103 3103 192 3158 denda
209 3113 252 3159 est
270 3103 370 3160 litteris
387 3104 435 3160 Dei
452 3105 533 3177 jussu
551 3115 660 3162 exarata
679 3115 798 3162 exstant.
816 3103 1053 3172 Quemadmodum
1070 3102 1155 3177 igitur
1170 3101 1245 3174 apud

102 3192 287 3258 Christianos,
309 3193 346 3249 ita
363 3211 472 3267 quoquc
491 3196 563 3268 apud
580 3196 689 3253 luteos
706 3196 770 3252 libri
789 3203 938 3252 occurrunt
951 3194 1084 3250 divinitus
1102 3193 1245 3264 inspirati;

103 3282 177 3340 unde
193 3283 220 3340 id
234 3286 366 3356 consequi
379 3284 448 3340 mihi
464 3285 587 3353 videtur,
602 3295 646 3352 ut,
661 3286 685 3342 si
703 3302 757 3341 una
773 3302 836 3342 cum
856 3285 942 3341 sacris
959 3283 1113 3356 Scripturis
1132 3284 1247 3340 consul-

102 3385 163 3430 tum
184 3373 294 3430 duxerit
310 3376 383 3432 Deus
407 3377 508 3448 populo
531 3378 619 3434 electo
650 3376 809 3432 institutum
831 3376 969 3448 quoddam
991 3374 1141 3446 impertiri,
1160 3389 1248 3445 penes

103 3463 175 3536 quod
192 3474 219 3521 et
231 3481 313 3522 verus
331 3465 537 3538 Scripturarum
554 3467 726 3534 intellectuS,
738 3476 765 3522 ct
782 3483 876 3522 earum
891 3482 952 3537 quac
966 3466 1141 3522 oborirentur
1156 3483 1250 3538 quaes-

100 3555 208 3612 tionum
230 3566 279 3612 aut
299 3557 551 3613 controversiarum
572 3556 719 3629 explicatio
744 3555 881 3612 solutiore
905 3556 1052 3627 quaerenda
1078 3554 1159 3620 foret,
1185 3555 1247 3628 pari

102 3646 210 3703 ratione
224 3645 315 3702 simile
332 3646 429 3702 itidem
447 3647 607 3703 institutum
629 3647 702 3719 apud
720 3645 892 3702 Christianos
911 3645 1027 3717 reperiri
1043 3645 1087 3700 vel
1107 3649 1244 3716 apricat,

103 3739 237 3805 ueniunt,
251 3747 373 3794 statuere
386 3739 534 3809 possimus.
548 3738 617 3806 Quis
630 3738 704 3795 enim
722 3739 815 3795 credat
827 3739 914 3795 licum
929 3739 956 3794 id
976 3739 1078 3810 populo
1091 3739 1244 3798 christiano

104 3845 248 3886 recusasse
265 3829 337 3901 quod
351 3828 468 3899 jndaicae
483 3831 557 3903 genti
570 3829 684 3903 largitus
699 3828 796 3885 luerit‘l
810 3828 878 3896 Quis
893 3845 967 3885 sanae
980 3829 1082 3885 mentis
1102 3830 1245 3886 existima-

103 3921 174 3977 verit
192 3922 280 3977 Deum
296 3920 324 3975 id
340 3920 468 3987 ueritati,
484 3929 514 3976 ut
536 3937 598 3976 curn
613 3920 755 3992 prophetis
769 3920 882 3992 loquar,
901 3921 1072 3976 detrectasse
1092 3921 1164 3993 quod
1183 3921 1244 3992 eJus

103 4012 209 4068 umbrae
224 4028 256 4068 ac
273 4010 368 4085 figurae
385 4020 440 4066 tam
458 4012 601 4086 magnifice
617 4008 762 4067 tribuerit?

139 4103 188 4159 llel
209 4103 280 4160 lorte
301 4103 418 4168 adeone,
442 4118 547 4174 quaeso,
563 4102 706 4156 immutata
726 4109 769 4156 est
789 4098 910 4156 hominis
932 4108 1045 4167 natura,
1069 4108 1100 4155 ut
1121 4099 1168 4155 illc
1184 4099 1245 4170 ipse

103 4192 149 4247 cui
164 4200 228 4249 ante
243 4201 376 4264 perpetuo
396 4208 465 4263 opus
485 4192 568 4250 luerit
585 4191 743 4265 magisterio
756 4209 810 4264 quc
828 4192 857 4248 in
872 4200 947 4248 recto
960 4189 1071 4247 tramite
1088 4198 1242 4262 regeretur,

104 4290 132 4337 ct
148 4283 171 4339 si
190 4283 298 4356 quando
316 4284 468 4352 aberraret,
484 4285 517 4341 ad
535 4284 606 4341 viam
624 4294 808 4352 reuocaretur,
829 4282 960 4354 deinceps
977 4281 1036 4338 suis
1054 4280 1160 4338 uiribus
1179 4295 1243 4351 pcr-
1278 4352 1280 4356 ι
