3150 5160
214 359 272 417 198
616 377 653 418 un
675 375 768 418 sacas
790 375 963 419 sennarum.

210 520 375 575 auctoritate
397 535 450 589 qua
474 519 578 591 regitur
602 531 629 575 et
652 521 822 594 gubernatur
841 536 888 576 cas
908 521 1049 591 accipiunt
1068 521 1194 590 ejusdem
1219 522 1360 579 societatis

211 609 349 674 membra;
368 609 527 664 constitutis
551 609 636 682 igitur
655 610 829 667 auctoritatis
851 611 980 666 Ecclesiae
1002 609 1164 680 principiis,
1188 610 1258 666 citra
1276 612 1359 666 ullam

211 715 323 770 operam
346 699 474 754 catholici
498 699 525 752 in
552 699 760 771 scripturarum
778 698 983 770 possessionem
1002 699 1140 754 venimus.
1165 699 1216 755 Sed
1241 700 1265 755 si
1290 716 1357 756 con-

211 791 313 846 stiterit
341 790 560 861 protestantismi
591 790 777 862 principium,
801 805 856 845 non
882 789 920 844 ita
943 788 1023 845 facilc
1049 805 1094 845 res
1120 790 1244 861 expediri
1275 806 1357 861 posse

210 880 328 937 videtur.
345 881 479 952 Equidem
497 881 629 952 quoniam
647 897 755 951 reapse,
776 879 911 951 quidquid
930 895 1011 935 secus
1034 879 1239 936 claniitaverint
1262 881 1358 936 adver-

211 971 290 1037 sarii,
304 970 433 1027 Christus
457 971 581 1028 condidit
601 972 753 1028 Ecclesiam
767 984 828 1041 quae
841 967 973 1038 peculiari
993 982 1026 1022 ac
1039 968 1134 1023 divino
1154 969 1248 1025 studio
1268 966 1360 1040 Scrip

210 1058 282 1114 turis
309 1059 498 1115 custodiendis
531 1059 702 1132 invigilavit,
728 1059 782 1131 ipsi
804 1060 871 1114 dum
898 1059 1027 1129 prodiere
1043 1073 1090 1113 eas
1113 1058 1190 1114 nullo
1213 1058 1357 1114 molimine

211 1149 240 1202 in
264 1149 393 1204 manibus
416 1149 586 1216 habuerunt,
609 1165 695 1220 quum
710 1148 823 1220 perinde
840 1164 872 1203 ac
891 1147 1019 1204 catholici
1038 1149 1073 1204 ab
1092 1149 1189 1204 eadem
1203 1148 1255 1203 hac
1274 1164 1356 1219 quam

212 1245 251 1292 tot
268 1247 295 1291 et
313 1237 398 1292 tantis
412 1238 653 1294 criminationibus
674 1238 883 1295 insectabantur
899 1238 1022 1293 Ecclesia
1043 1254 1136 1294 sacras
1157 1239 1266 1293 litteras
1280 1252 1357 1294 acce·

212 1326 328 1397 pisscnt.
351 1326 404 1382 Sed
424 1327 698 1400 sac-protestantium
721 1327 883 1383 methodum
908 1341 1001 1382 veram
1027 1342 1105 1392 esse,
1129 1336 1212 1397 atque
1235 1326 1304 1382 adeo
1323 1327 1357 1381 ab

212 1416 273 1485 ipso
296 1415 407 1471 Christo
432 1426 459 1473 et
483 1417 622 1488 Apostolis
651 1417 766 1482 initam,
790 1416 946 1471 institutam
967 1431 1000 1471 ac
1029 1417 1262 1481 commendatam,
1290 1416 1356 1487 quid

211 1505 371 1578 contingere
399 1505 546 1562 debuerit?
571 1507 659 1564 Dubio
690 1505 787 1578 procul
810 1505 905 1563 nullus
926 1507 985 1578 jam
1012 1507 1047 1562 de
1073 1507 1192 1578 quadem
1224 1506 1356 1562 societate

212 1596 363 1651 christiana
390 1598 502 1669 proprio
530 1613 563 1653 ac
594 1598 693 1654 idoneo
723 1597 880 1670 organismo
912 1595 1039 1668 praedita,
1065 1597 1113 1652 ubi
1145 1605 1357 1653 asservarentur

214 1684 378 1758 Scriptum,
398 1703 489 1744 sermo
512 1705 574 1745 esse
598 1697 705 1760 posset3
725 1688 861 1758 ejusmodi
886 1687 962 1742 enim
988 1688 1107 1743 societas
1128 1686 1355 1743 individualismo

212 1777 410 1845 protestantico
424 1779 506 1850 plane
519 1786 663 1853 repugnat.
677 1777 827 1848 Scripturae
842 1777 927 1851 igitur
944 1777 997 1833 sibi
1014 1777 1158 1848 permissae
1174 1776 1311 1842 luissent,
1330 1784 1355 1831 et

214 1867 346 1939 quisque,
374 1870 451 1925 nulla
477 1869 643 1925 auctoritate
671 1867 803 1933 docente,
828 1883 875 1923 eas
900 1882 1024 1939 quaerere
1053 1876 1080 1923 ct
1112 1867 1166 1923 sibi
1199 1882 1356 1939 comparare

213 1958 369 2025 debuisset,
394 1968 425 2015 ut
446 1959 558 2014 dentum
584 1959 649 2014 inde
675 1973 769 2013 veram
789 1955 894 2013 Christi
922 1957 1079 2014 doctrinam
1101 1968 1263 2030 promeret:
1286 1959 1355 2030 quod

215 2049 342 2120 quidem,
353 2036 388 2106 'ut
401 2049 491 2106 obiter
503 2049 609 2117 dicam,
623 2048 684 2104 lieri
697 2063 871 2119 nequaquam
889 2048 1040 2119 potuisset,
1060 2065 1113 2105 nec
1128 2050 1255 2122 plerique
1269 2050 1355 2106 homi-

215 2155 282 2194 num
296 2140 385 2213 ipsius
403 2139 523 2208 Christi,
536 2140 616 2210 cujus
633 2140 787 2196 doctrinam
801 2139 989 2210 inquirerent,
1010 2139 1187 2195 existentiam
1204 2140 1354 2196 novissent.

214 2228 300 2300 Finge
324 2237 434 2296 tamen,
465 2230 488 2286 si
509 2230 590 2287 modo
617 2230 645 2289 id
674 2231 718 2286 rel
747 2240 839 2287 mente
863 2231 974 2302 assequi
997 2230 1137 2303 potueris,
1164 2231 1233 2287 adeo
1258 2230 1356 2302 quippe

212 2316 365 2373 absurdum
384 2329 427 2375 est
444 2329 475 2376 ut
492 2320 539 2376 vix
559 2321 588 2375 in
605 2321 798 2398 cogitationem
819 2321 925 2388 veniat3
946 2320 1032 2396 tinge,
1053 2321 1181 2393 inquam,
1201 2330 1354 2383 externam,

213 2407 352 2464 visibilem
375 2418 403 2466 et
424 2419 487 2483 apte
504 2411 689 2484 organizatam
709 2411 926 2467 christianorum
949 2413 1110 2468 societatem
1135 2429 1185 2468 seu
1208 2412 1356 2469 Ecclesiam

215 2499 319 2555 nullam
345 2516 422 2567 esse,
449 2516 541 2571 neque
562 2500 626 2556 inde
652 2516 668 2554 a
694 2498 797 2555 Christi
829 2509 856 2556 et
881 2500 1077 2572 Apostolorum
1107 2512 1187 2559 aetate
1218 2503 1356 2567 extitisse,

215 2591 328 2646 ubinam
352 2607 419 2666 rogo
441 2591 602 2662 Scripturas
624 2591 663 2646 sis
690 2588 881 2662 quaesiturus?
907 2591 963 2647 Nec
988 2592 1064 2648 dicas
1086 2600 1114 2648 te
1134 2608 1231 2663 posse,
1261 2604 1356 2666 negata

214 2682 354 2750 Ecclesia,
370 2699 403 2738 cx
419 2683 532 2738 Patrum
546 2682 715 2738 testimoniis
728 2691 832 2738 certam
846 2681 1052 2754 Scripturarum
1068 2682 1195 2738 notitiam
1209 2683 1356 2753 consequi;

214 2774 335 2840 etenim,
349 2774 475 2847 quamvis
495 2775 548 2830 hoc
564 2773 615 2830 tibi
629 2774 825 2837 concederem,
844 2789 935 2829 nonne
952 2772 1088 2845 perspicis
1108 2781 1135 2828 te
1153 2788 1187 2827 ex
1208 2788 1262 2827 una
1283 2781 1358 2844 parte

216 2865 376 2922 societatem
390 2866 467 2921 illam
483 2865 622 2921 demedio
645 2863 756 2931 tollere,
776 2881 810 2920 ex
822 2865 908 2920 altera
927 2873 1020 2920 autem
1038 2863 1163 2919 eamdem
1184 2861 1356 2919 restituere?

217 2954 312 3011 Patres
325 2972 443 3026 namque
457 2956 540 3012 istius
558 2957 700 3013 societatis
720 2956 844 3011 membra
857 2964 925 3010 sunt
938 2962 965 3009 et
983 2953 1096 3026 quidem
1109 2953 1265 3025 praecipua,
1278 2961 1359 3024 atquc

217 3043 415 3117 deScripturis
440 3048 492 3102 hac
508 3047 615 3102 ratione
640 3048 792 3118 loquuntur
811 3046 885 3118 quod
906 3054 934 3101 et
958 3045 1011 3116 ipsi
1033 3059 1081 3101 eas
1106 3044 1141 3099 ab
1159 3044 1222 3099 aliis
1236 3043 1359 3114 ejusdcm

217 3149 327 3205 quoque
347 3136 477 3192 Ecclesiae
502 3137 636 3193 membris
662 3144 843 3207 acceperunt;
869 3136 942 3193 unde
969 3136 1066 3201 litut,
1089 3135 1211 3191 velnon
1238 3140 1360 3205 spectata

219 3225 349 3280 Ecclesiae
371 3224 580 3291 infallibilitate,
600 3235 656 3282 tam
675 3227 754 3281 firma
773 3242 805 3282 ac
823 3226 982 3291 luculenta,
1006 3225 1105 3280 saltem
1119 3222 1195 3295 quod
1208 3222 1244 3278 ad
1267 3237 1360 3277 earum

218 3315 390 3371 authentiam
409 3316 526 3383 attinet,
551 3333 693 3373 sacrarum
714 3317 922 3389 Scripturarum
937 3318 975 3374 sit
998 3314 1119 3372 traditio.

255 3403 309 3460 Sed
326 3406 380 3461 nisi
394 3404 493 3461 luisset
510 3407 629 3464 societas
645 3408 693 3463 illa
711 3424 794 3480 quam
818 3408 940 3464 diximus
959 3416 987 3462 et
1003 3422 1019 3461 a
1037 3421 1091 3477 qua
1111 3406 1206 3462 Patres
1225 3420 1279 3461 una
1298 3419 1360 3460 cum

219 3494 322 3551 Christi
354 3497 480 3553 doctrina
504 3496 662 3569 Scripturas
688 3499 865 3563 habuerant,
893 3508 1010 3569 putasne
1036 3496 1173 3568 ejusmodi
1203 3495 1360 3552 testimonia

219 3588 357 3644 incorum
375 3588 486 3660 scriptis
504 3587 679 3644 occurrisse?
703 3589 761 3645 lmo
783 3605 849 3646 vero
874 3603 975 3644 censeo
998 3602 1048 3659 ego
1067 3585 1192 3642 futurum
1216 3585 1305 3642 luisse
1333 3592 1362 3639 ut

221 3693 272 3733 nec
293 3679 388 3735 Patres
406 3679 573 3736 extitissent.
588 3678 667 3746 Quod
686 3679 711 3735 si
728 3680 793 3746 hoc,
810 3695 826 3734 a
846 3679 947 3751 quibus
968 3693 1043 3734 nunc
1057 3677 1215 3748 Scripturas
1236 3671 1361 3748 peteres?

220 3768 309 3824 Probe
339 3770 414 3825 enim
440 3769 592 3826 notandum
622 3769 667 3824 hic
692 3769 784 3824 omnia
807 3769 918 3825 misceri
943 3769 1033 3825 solere
1056 3784 1072 3823 a
1095 3767 1232 3842 theologis
1256 3774 1361 3838 protes·

222 3858 346 3914 tentibus
361 3875 367 3913 :
382 3868 528 3931 postquam
542 3859 570 3913 id
584 3858 713 3931 principii
732 3858 792 3915 loco
805 3875 1001 3930 assumpsere,
1016 3858 1178 3914 methodum
1198 3858 1362 3918 catholicam

223 3948 252 4002 in
270 3947 368 4003 erratis
385 3964 463 4014 esse,
481 3965 536 4021 qno
555 3949 645 4021 posito
664 3959 828 4021 sequeretur
840 3951 976 4006 nullama
997 3948 1108 4006 Christo
1133 3948 1295 4004 societatem
1312 3947 1364 4002 rite

223 4037 406 4111 organizatam
428 4037 514 4096 luisse
535 4039 689 4107 conditam,
704 4049 733 4095 at
755 4040 839 4096 simul
865 4049 948 4112 atque
968 4039 1003 4096 de
1029 4039 1182 4112 Scripturis
1205 4055 1298 4095 sermo
1320 4054 1362 4094 re-

223 4127 322 4194 currit,
343 4126 469 4183 camdem
488 4129 560 4185 hanc
576 4129 737 4186 societatem
755 4145 839 4202 quam
858 4129 972 4186 inficiati
992 4130 1105 4186 suntin
1125 4129 1169 4185 sul
1180 4127 1363 4200 patrocinium

223 4217 370 4285 advocant,
381 4225 518 4290 quatenus
536 4219 635 4275 saltem
648 4235 681 4276 ea
699 4220 751 4277 sub
772 4230 900 4292 respectu
920 4220 1041 4276 humano
1059 4234 1091 4276 ac
1110 4218 1279 4276 traditionali
1299 4233 1363 4274 con-

225 4307 378 4375 sideratur;
400 4309 473 4380 quod
492 4308 613 4380 prolecto
633 4311 713 4390 longa
733 4312 811 4370 abest
833 4328 849 4366 a
868 4319 943 4370 recta
969 4309 1178 4386 argumentandi
1202 4309 1317 4370 ratione.
1336 4307 1363 4364 Si
