3150 5160
360 363 399 406 nn
412 361 543 407 parrone
556 363 617 418 oua
629 361 698 406 tec.
713 361 750 404 ar
764 360 865 405 arosr.
880 360 981 405 uncte.
995 349 1174 404 rnnmntnn.
1314 345 1349 404 al

210 518 360 565 auctorum
377 522 508 580 scopum;
526 507 596 581 ipsis
615 507 721 564 scilicet
742 506 914 577 propositum
933 505 1059 572 ridetur,
1079 506 1246 577 quibusdam
1268 506 1357 564 cbris-

210 598 300 654 tianis
322 597 550 671 efflagitantibus,
573 596 726 653 mirandam
750 596 858 651 Domini
880 596 965 651 vitam
988 605 1036 652 aut
1057 607 1134 652 certe
1157 596 1264 667 aliquot
1286 594 1356 652 facta

210 689 354 762 praecipua
366 689 482 755 reterre,
495 704 557 759 quae
568 688 612 745 rel
627 687 681 758 ipsi
695 686 753 742 suis
766 684 854 742 oculis
866 685 1006 751 videraut,
1018 684 1062 740 rel
1079 685 1114 740 ab
1126 685 1266 757 Apostolis
1278 701 1356 742 aoce-

210 789 327 852 perant;
350 794 523 850 nequaquam
544 787 638 834 autem
659 777 769 832 animus
792 784 834 830 est
852 775 1000 830 veritatum
1022 791 1055 830 ac
1076 786 1276 847 praceptorum
1294 793 1356 848 quae

210 870 345 926 Christus
363 869 512 925 tradiderat
531 867 684 942 catalogum
702 864 885 934 eumdemque
904 864 1027 918 numeris
1047 864 1177 920 omnibus
1198 865 1355 921 absolutum

213 969 321 1014 texere.
336 958 370 1013 Et
382 973 460 1023 vero,
473 956 497 1012 si
513 955 583 1013 sorte
595 955 623 1011 S.
636 957 769 1011 loannem
781 953 935 1023 exceperis,
950 952 1049 1024 reliqui
1063 955 1240 1027 evangelistae
1254 955 1282 1009 in
1299 954 1355 1011 fac·

212 1047 253 1102 tis
270 1055 404 1117 perpetuo
427 1045 546 1110 haerent;
568 1044 691 1115 adeoque
711 1042 862 1114 siquando
889 1044 1020 1098 nonnulla
1043 1042 1176 1099 doctrinae
1196 1045 1285 1116 capita
1307 1061 1356 1102 eos

212 1135 339 1206 pandere
359 1134 514 1207 contingat,
537 1132 607 1188 illud
628 1133 717 1188 obiter
739 1140 845 1187 tantum
868 1140 895 1187 ct
919 1131 996 1188 velut
1017 1131 1098 1187 inscii
1122 1133 1224 1203 saepius
1252 1142 1353 1207 agunt,

211 1224 289 1296 qnod
303 1240 403 1296 nempe
418 1224 444 1279 id
461 1223 497 1279 ad
510 1238 625 1294 scopum
642 1223 696 1280 sibi
712 1222 898 1294 praestitutum
911 1223 1005 1278 minus
1021 1231 1167 1293 spectaret.
1181 1222 1259 1290 Quod
1274 1216 1354 1294 porro

212 1313 248 1369 ad
262 1313 396 1370 loannem
416 1311 528 1378 attinet,
547 1327 647 1382 scopus
660 1311 771 1382 quidem
788 1311 849 1381 ejus
865 1311 1003 1382 inprimis
1022 1310 1192 1385 dogmaticus
1209 1313 1355 1368 autetiam

212 1402 369 1474 polemicus
391 1409 450 1468 est;
472 1416 569 1456 verum
590 1400 755 1456 arctissimis
776 1399 911 1457 limitibus
933 1401 1108 1467 continetur,
1132 1400 1234 1472 quippe
1257 1401 1304 1473 qui
1327 1401 1355 1456 in

210 1491 362 1548 divinitate
378 1490 486 1546 Domini
502 1490 567 1546 iesu
583 1490 746 1546 declaranda
759 1506 791 1545 ac
807 1491 945 1562 probanda
957 1490 1148 1547 tantummodo
1161 1492 1264 1547 versari
1278 1493 1355 1548 vide-

211 1592 286 1637 tur:
309 1580 406 1635 «llaec
424 1589 533 1646 autem,
552 1579 642 1650 inquit
664 1579 739 1651 ipse,
760 1580 862 1650 scripta
884 1590 964 1648 sunt,
983 1589 1015 1636 ut
1036 1581 1169 1648 credatis,
1188 1583 1252 1653 quia
1273 1582 1355 1639 Jesus

211 1682 258 1729 est
276 1671 405 1727 Christus
421 1669 509 1726 Filius
529 1670 576 1726 Dei
596 1667 679 1742 (1).»
693 1669 783 1740 Atque
801 1670 877 1725 bunc
895 1671 1071 1742 potissimum
1089 1671 1176 1728 luisse
1193 1672 1221 1727 S.
1240 1673 1356 1730 loannis

210 1776 328 1832 scopum
347 1768 484 1816 testantur
500 1758 584 1814 etiam
598 1758 626 1814 S.
645 1759 780 1827 irenaeus,
794 1758 921 1816 Clemens
933 1760 1026 1827 dien,
1041 1760 1190 1835 Origenes,
1205 1762 1355 1827 Eusebius,

211 1851 411 1923 Hieronymus.

251 1938 331 2007 Quod
348 1945 455 2010 spectat
466 1938 501 1992 ad
518 1937 742 2008 perspicuitatem
759 1940 891 1996 doctrinae
908 1940 943 1996 ab
955 1942 1132 2016 evangelistis
1147 1942 1268 2008 traditae,
1282 1943 1356 1998 idem

211 2029 272 2086 iere
295 2028 341 2083 hic
360 2027 635 2083 animadvertendum
657 2028 730 2100 quod
750 2030 878 2100 superius
896 2030 1001 2086 dictum
1024 2040 1080 2098 est,
1104 2032 1151 2087 ubi
1174 2032 1209 2088 de
1231 2034 1357 2105 epistolis

211 2132 308 2176 sermo
331 2115 498 2182 habebatur3
519 2116 677 2173 christianis
696 2118 786 2185 enim,
806 2135 860 2175 non
880 2136 945 2176 vero
964 2119 1117 2178 idololatris
1140 2131 1188 2178 aut
1205 2122 1308 2179 ludaeis
1327 2123 1356 2178 in

210 2206 359 2264 Christum
372 2220 427 2261 uon
440 2205 618 2261 credentibus
630 2214 709 2261 erant
722 2207 877 2278 conscripta
890 2209 1039 2282 evangelia.

243 2295 296 2352 llis
310 2310 391 2365 porro
408 2294 445 2349 ita
462 2294 634 2359 constitutis,
648 2295 792 2351 conficitur
808 2297 890 2368 plane
905 2296 932 2352 id
948 2298 1020 2368 quod
1034 2299 1111 2371 prins
1128 2300 1251 2366 aiebam,
1264 2299 1357 2372 Scrip-

209 2395 292 2443 turas
308 2385 336 2440 in
354 2384 514 2440 christianae
531 2384 673 2457 religionis
690 2384 818 2442 instituto
835 2395 866 2441 ut
881 2386 1023 2444 adventitii
1037 2390 1104 2460 quid
1121 2407 1184 2446 esse
1200 2390 1355 2458 habendas,

209 2476 316 2548 quippe
328 2491 402 2546 quae,
417 2474 524 2530 firmata
539 2475 595 2545 jam
613 2474 746 2549 religione
760 2490 809 2532 seu
827 2476 964 2545 Ecclesia,
978 2479 1096 2537 conditae
1109 2481 1165 2538 sint
1178 2497 1210 2538 ac
1224 2483 1357 2538 doctriuae

211 2574 280 2622 ante
293 2564 401 2621 traditae
412 2564 577 2620 innitantur.

256 2654 292 2710 At
311 2653 442 2725 quoniam
464 2663 667 2725 protestantes,
690 2670 760 2726 quos
783 2654 828 2711 bic
847 2655 1021 2728 potissimum
1042 2656 1175 2728 respicio,
1198 2673 1356 2715 asseverare

211 2759 271 2800 non
293 2742 420 2800 dubitant
441 2744 571 2799 universa
591 2744 654 2800 fidei
679 2744 768 2816 capita
787 2760 873 2816 caque
893 2746 1037 2817 perspicua
1057 2746 1086 2801 in
1105 2746 1167 2801 novi
1188 2746 1355 2802 Testamenti

213 2831 297 2888 libris
315 2846 471 2901 occurrere,
491 2849 574 2889 unam
597 2835 668 2889 hanc
689 2833 955 2890 animadversionem
978 2833 1046 2888 mibi
1068 2832 1189 2904 adjicere
1210 2834 1300 2890 liceat.
1320 2833 1357 2890 Ut

213 2919 286 2977 illud
315 2935 410 2977 eorum
436 2923 532 2997 dogma
559 2922 638 2978 firmo
669 2921 848 2978 fundamento
876 2924 993 2989 nitatur,
1013 2938 1047 2978 ex
1075 2922 1119 2978 bis
1140 2923 1248 2980 duobus
1273 2924 1357 2979 alter·

212 3021 309 3069 utrum
334 3021 469 3072 statuatur
490 3024 627 3086 oportet:
655 3014 699 3071 rel
718 3014 867 3086 scriptores
886 3029 979 3070 sacros
1002 3012 1094 3069 verbis
1118 3014 1192 3070 baud
1218 3013 1355 3088 ambiguis

210 3102 369 3160 declarasse
391 3104 445 3161 sibi
466 3104 554 3162 luisse
580 3104 752 3177 propositum
775 3105 899 3160 omnium
921 3104 1080 3178 dogmatum
1101 3112 1357 3175 praeceptorumque

209 3191 318 3250 Christi
339 3193 448 3249 bomini
472 3196 625 3269 catalogum
651 3194 808 3250 absolutum
835 3201 863 3249 et
884 3196 979 3266 quavis
1005 3205 1084 3252 aetate
1109 3196 1224 3252 cuilibet
1249 3196 1356 3252 bomini

210 3281 390 3355 perspicuum
407 3291 560 3351 texere,-
572 3287 614 3341 vel
633 3284 752 3340 babeant
770 3300 884 3340 necesse
901 3294 943 3341 est
960 3286 1096 3342 universae
1113 3284 1176 3340 fidei
1197 3285 1356 3341 christianae

208 3385 339 3430 normam
354 3371 501 3441 qnamdam
526 3388 719 3430 mensuramve
737 3374 920 3431 indubitatam
937 3375 971 3431 ad
990 3393 1073 3448 quam
1089 3392 1183 3433 sacras
1199 3375 1356 3446 Scripturas

209 3461 337 3534 exigant,
352 3469 382 3515 ut
394 3460 436 3516 sic
448 3460 558 3517 tandem
572 3464 755 3536 perspiciatur
767 3481 833 3519 num
850 3465 941 3520 omnia
955 3480 1041 3534 eaque
1054 3465 1127 3519 clara
1141 3463 1169 3517 in
1189 3463 1247 3519 illis
1260 3478 1356 3518 occur-

210 3557 286 3608 rant.
311 3548 394 3619 Atqui
416 3549 494 3621 prius
514 3566 598 3619 sane,
622 3562 653 3609 nt
674 3569 708 3610 ex
731 3554 859 3625 superius
881 3553 972 3609 allatis
998 3553 1103 3624 liquet,
1126 3551 1272 3608 dilllculter
1295 3550 1356 3606 fieri

212 3647 323 3713 posset3
337 3638 475 3708 posterius
487 3654 552 3697 vero
565 3641 654 3712 ipsius
672 3645 891 3715 protestantismi
908 3643 1073 3716 principium
1089 3642 1160 3699 tollit
1175 3651 1258 3714 atque
1271 3656 1358 3713 penes

211 3726 378 3785 catholicam
395 3727 546 3784 Ecclesiam
562 3738 669 3786 tantum
683 3733 821 3790 occurrit:
840 3735 899 3790 baec
917 3741 1010 3790 autem
1029 3742 1105 3790 tenet
1125 3732 1282 3804 Scripturas
1299 3747 1357 3788 non

212 3819 268 3876 sibi
282 3832 374 3889 perse
391 3816 526 3874 sufficere.

251 3907 425 3980 Quapropter
452 3908 597 3966 manifesta
624 3919 652 3967 et
670 3920 764 3983 aperta
785 3913 937 3980 mittimus,
961 3922 991 3970 ut
1017 3912 1051 3968 ad
1076 3928 1107 3968 ea
1135 3927 1197 3983 quae
1218 3912 1308 3967 adhuc
1329 3909 1359 3965 in

211 3996 305 4053 medic
322 3998 411 4068 posita
429 4006 494 4053 sunt
509 3998 708 4074 aggrediamur.
723 3999 858 4067 Quoniam
874 4018 973 4074 nempe
992 4003 1126 4058 hactenus
1142 4002 1262 4058 vidimus
1275 4015 1357 4072 quam

211 4087 344 4151 sormam,
364 4087 424 4159 ipso
445 4097 530 4157 teste,
553 4088 671 4146 testibus
694 4098 721 4144 et
743 4089 896 4161 bpostolis,
920 4091 1052 4149 Christus
1075 4091 1209 4149 borninus
1230 4088 1357 4163 religioni

246 4255 375 4322 (Ulcae.
387 4259 446 4322 XX,
459 4263 499 4310 31.
