3150 5160
275 371 314 413 utt
336 370 484 414 counitus
506 369 609 413 rutsco
631 368 698 411 AEt'o
725 369 756 410 tlt
781 369 921 412 accessui
943 371 1071 413 nostrus,
1211 357 1251 415 95

579 700 718 782 uultu
744 700 784 780 ll.

350 996 384 1035 ut:
397 995 527 1037 concitus
540 994 630 1036 rutscu
643 994 702 1034 AEVO
715 995 742 1034 tu
755 994 881 1035 scelesta
896 995 1007 1036 titulus.

146 1207 269 1279 Antiqua
288 1224 366 1280 aeque
388 1224 420 1265 ac
438 1209 586 1266 recentiori
606 1217 687 1267 aetate
713 1210 786 1266 inter
808 1210 975 1266 christianos
996 1210 1136 1265 interdum
1159 1221 1252 1268 coacta

104 1299 198 1356 luisse
213 1298 335 1355 Concilia
356 1315 454 1356 omnes
473 1309 594 1367 norunt;
614 1300 729 1372 proinde
747 1301 859 1357 omnino
876 1317 1112 1374 supervacaneum
1130 1300 1201 1359 loret
1225 1303 1252 1358 id

104 1390 195 1446 latius
215 1391 360 1461 persequi;
374 1406 436 1461 quae
450 1391 477 1446 in
494 1390 600 1462 apertis
616 1399 763 1446 versantur
776 1391 928 1463 approbare
944 1392 1014 1447 velle
1032 1407 1148 1447 summae
1167 1392 1253 1448 insci-

103 1482 155 1537 tiae
174 1489 226 1537 est.
244 1481 340 1536 Restat
352 1480 436 1553 igitur
455 1489 486 1536 ut
505 1488 699 1554 argumentum
713 1481 786 1551 quod
800 1481 861 1553 ipsa
878 1480 995 1538 Concilii
1009 1481 1085 1539 notio
1101 1499 1132 1538 ac
1146 1483 1253 1541 indoles

105 1571 270 1643 suppeditat
290 1572 462 1643 aperiamus,
481 1570 662 1626 monstraturi
681 1570 780 1627 deinde
798 1572 867 1628 illud
893 1573 1053 1645 peremnia
1071 1573 1172 1646 priscis
1192 1575 1254 1631 istis

105 1660 242 1719 Conciliis
264 1660 503 1718 accommodatum
522 1676 596 1717 esse.

145 1750 183 1810 Ut
205 1751 424 1807 ratiocinationis
448 1759 549 1807 nostrae
574 1749 630 1805 viui
653 1749 761 1808 facilius
788 1752 940 1825 percipias,
967 1754 1039 1810 bene
1066 1770 1175 1828 semper
1198 1772 1254 1827 prae

105 1841 200 1898 oculis
225 1840 384 1897 habendum
406 1840 545 1913 duplicem
566 1841 640 1897 inter
666 1841 827 1899 methodum
851 1859 910 1900 rem
935 1843 981 1900 hie
1002 1844 1058 1919 agi,
1081 1847 1254 1903 auctoritatis

106 1930 219 1988 scilicet
240 1944 268 1986 et
293 1930 410 1987 rationis
431 1931 546 2004 privatae
573 1931 602 1986 in
624 1932 791 2004 acquirenda
815 1949 848 1989 ac
870 1933 1019 2005 judicanda
1043 1935 1178 2011 religione
1199 1937 1254 1994 sibi

104 2020 263 2094 permissae.
289 2021 384 2079 Utram
410 2037 475 2097 ergo
500 2021 661 2080 methodum
688 2020 882 2078 commendent
906 2031 1105 2096 sectenturque
1130 2023 1254 2082 Concilia

106 2128 184 2168 nune
200 2112 351 2169 videndum
374 2121 426 2167 est.

144 2203 272 2260 Primum
293 2203 406 2274 quidem
426 2202 493 2276 quid
516 2211 559 2259 est
577 2201 730 2260 Concilium
746 2201 802 2258 nisi
824 2202 997 2278 congregatio
1016 2218 1113 2260 eorum
1132 2203 1180 2277 qui
1197 2219 1255 2261 ma-

104 2293 255 2369 gisterium
274 2293 494 2350 ecclesiasticum
507 2293 631 2350 referunt
644 2293 760 2366 ejusque
778 2309 924 2365 personam
940 2293 1059 2369 gerunt?
1072 2295 1113 2351 Ex
1126 2295 1256 2371 magiste-

107 2383 152 2441 rio
170 2392 264 2439 autem
281 2383 413 2456 praecipui
427 2394 494 2440 sunt
506 2386 643 2458 episcopi,
664 2402 782 2457 quorum
799 2395 881 2457 caput
895 2396 937 2442 est
956 2386 1096 2443 Romanus
1114 2386 1252 2444 Pontifex.

106 2472 206 2545 ltaque
231 2473 369 2546 episcopis
395 2475 571 2547 potissimum
602 2485 729 2533 constant
751 2476 868 2550 synodi,
896 2486 979 2548 atque
1005 2477 1039 2533 ad
1066 2493 1113 2533 eos
1145 2486 1253 2533 tantum

106 2570 219 2636 spectat
235 2562 269 2619 de
287 2580 352 2621 vera
369 2564 433 2621 tidei
452 2566 578 2622 doctrina
591 2567 740 2636 judicare:
764 2567 829 2621 hine
851 2564 882 2622 ut
902 2575 933 2622 ut
952 2566 971 2620 ii
991 2565 1043 2622 soli
1067 2565 1214 2621 formulam
1236 2583 1253 2622 a

106 2653 216 2728 synodo
224 2655 362 2711 conditam
372 2656 490 2727 probare
502 2672 534 2712 ac
544 2658 720 2714 subscribere
732 2656 936 2714 consueuerint.
945 2656 1031 2713 Porro
1042 2656 1089 2712 ubi
1099 2654 1253 2712 doctrinam

107 2759 195 2817 quam
206 2759 301 2800 veram
319 2745 422 2800 habent
439 2744 592 2814 tradidere,
606 2757 637 2803 ut
651 2746 748 2802 falsam
761 2745 893 2802 damnant
905 2762 937 2801 ac
950 2746 1125 2802 anathemate
1147 2746 1253 2818 percel-

107 2837 174 2892 lunt
189 2850 250 2890 cam
267 2851 329 2906 quae
351 2834 398 2890 isti
418 2833 589 2890 adversatur.
611 2834 701 2906 Atque
725 2837 754 2890 in
774 2835 819 2892 his
841 2832 953 2908 quidem
971 2836 1046 2891 inest
1068 2844 1143 2893 totus
1168 2851 1254 2909 prope

88 2924 228 2984 'Concilii
253 2924 438 3000 organismus.
461 2924 605 2997 Praecipua
629 2925 686 2998 jam
710 2927 794 2998 liujus
824 2935 961 2982 momenta
987 2925 1022 2982 ad
1048 2941 1108 2982 rem
1130 2940 1253 2983 nostram

106 3016 361 3074 accommodemus.

147 3105 178 3163 ld
191 3106 271 3178 prius
284 3106 313 3161 in
324 3104 486 3161 universum
500 3106 669 3163 monendum
681 3104 753 3163 duco
766 3121 774 3161 ε
789 3105 827 3173 si,
846 3105 920 3177 quod
932 3105 1077 3163 venditant
1087 3106 1252 3173 adversarii,

107 3198 212 3271 cuique
230 3196 373 3272 religionis
392 3195 582 3268 interpretatio
604 3197 641 3253 sit
659 3196 855 3268 permittenda,
879 3196 953 3253 haud
971 3212 1105 3267 assequor
1128 3212 1178 3270 ego
1203 3212 1254 3252 cur

106 3297 243 3364 cogantur
260 3286 392 3345 Concilio.
412 3283 484 3354 Quid
505 3284 602 3340 enimi
620 3285 649 3342 si
668 3287 757 3344 atrivis
776 3288 915 3362 integrum
935 3289 973 3344 sit
990 3286 1177 3359 scripturam,
1194 3302 1256 3358 quae

108 3396 185 3438 unus
205 3379 346 3454 religionis
365 3377 427 3434 sons
453 3377 602 3442 habeatur,
628 3376 720 3452 legere
739 3392 771 3433 ac
792 3377 827 3433 de
845 3393 976 3452 germano
997 3377 1058 3448 ejus
1076 3391 1160 3432 sensu
1179 3373 1255 3447 judi-

109 3470 188 3527 cium
207 3464 296 3538 ferre,
315 3484 367 3524 nec
384 3466 532 3539 quisquam
547 3482 563 3521 a
582 3465 741 3540 magisterio
761 3464 879 3536 quodam
895 3466 959 3536 jure
976 3464 1144 3536 reprehendi
1157 3474 1253 3536 queat,

108 3571 261 3631 quorsum,
280 3571 390 3630 quaeso,
408 3555 599 3627 magisterium
617 3554 702 3622 illud,
722 3553 796 3626 quod
813 3563 944 3609 caeterum
963 3553 1118 3621 sustulisti,
1141 3568 1256 3628 congre·

109 3646 234 3724 gaudum
245 3646 331 3714 velis,
345 3654 377 3701 ut
395 3644 430 3701 de
446 3661 577 3720 germano
594 3644 783 3703 adulteratove
800 3643 1005 3716 scripturarum
1024 3645 1167 3702 intellectu
1186 3644 1256 3704 ierat

110 3733 304 3795 sententiam?
326 3735 425 3791 Procul
448 3734 532 3792 dubio
551 3735 610 3791 haec
626 3735 700 3791 inter
713 3751 743 3792 se
759 3735 881 3807 perbelle
898 3743 1030 3810 pugnant.
1050 3733 1078 3791 Si
1098 3744 1256 3807 protestan-

111 3829 185 3887 tium
203 3826 352 3883 methodus
370 3834 511 3892 teneatur,
535 3827 580 3883 vel
600 3827 692 3899 ipsum
717 3825 832 3883 Concilii
852 3842 953 3883 nomen
975 3839 1051 3880 mera
1073 3827 1255 3900 repugnantia

113 3927 167 3977 est.
188 3915 282 3986 Quod,
299 3924 330 3971 ut
347 3924 441 3986 postea
454 3916 564 3973 docebit
581 3915 713 3983 historia,
734 3913 847 3986 plurimi
861 3913 972 3970 illorum
988 3913 1066 3968 brevi
1079 3923 1255 3986 perspectum

113 4010 247 4066 habuere.
261 4006 397 4076 Quoniam
412 4022 476 4081 ergo
495 4008 608 4064 Patrum
624 4015 704 4062 aetate
720 4003 842 4061 Concilio
861 4003 973 4061 luerunt
992 4012 1098 4069 coacta,
1119 4004 1183 4060 inde
1197 4002 1255 4073 jam

114 4098 260 4158 coniicitur
273 4106 339 4154 tunc
351 4099 484 4169 temporis
495 4099 616 4173 ignotam
635 4097 746 4171 penitus
759 4094 845 4152 luisse
858 4095 1072 4167 protestantium
1082 4093 1253 4151 methodum.

154 4187 232 4257 Quod
253 4189 277 4246 si
294 4203 370 4244 nunc
388 4188 546 4247 consideres
563 4188 638 4245 viros
656 4187 759 4261 quibus
777 4195 905 4244 constant
925 4185 1061 4254 Concilio,
1078 4186 1133 4242 cito
1152 4182 1255 4240 videris

114 4298 151 4338 ex
173 4278 225 4336 hoc
249 4294 359 4355 quoque
384 4279 474 4352 capite
498 4281 662 4339 catholicam
688 4276 849 4336 methodum
875 4275 1041 4337 confirmari.
1068 4275 1176 4334 Etenim
1199 4290 1254 4332 non
