3166 5168
411 389 449 430 nn
468 388 625 431 scalenon.
649 386 799 430 nocumnu
820 387 857 429 ur
877 386 1165 431 tumnenmarronr,
1296 374 1357 434 209

215 551 282 593 saue
304 534 400 607 pandit
421 533 589 606 principium
611 534 684 605 quod
710 531 828 587 sancivit
848 531 1009 587 Tridentino
1035 533 1171 605 synodus;
1197 533 1226 589 id
1251 544 1358 592 tantum

214 624 384 682 discriminis
401 625 530 691 interest,
548 624 622 695 quod
643 622 773 679 catholici
792 622 861 677 illud
883 622 1064 678 decernentes
1084 623 1138 678 sibi
1158 624 1300 682 cohaerent
1313 627 1359 697 ju-

216 731 301 787 reque
314 723 430 771 utuntur
444 730 509 780 suo,
526 722 713 786 protestantes
725 727 791 768 vero
805 721 833 768 et
845 712 899 767 sihi
913 721 941 768 et
953 712 1077 768 historiae
1090 713 1162 769 helle
1175 716 1358 773 mentiuntur.

252 807 355 862 Verum
368 805 463 861 statim
477 813 627 861 occurrunt
639 803 821 860 rationalistae
840 803 888 874 qui
905 819 968 859 cum
991 803 1133 875 plerisque
1145 807 1359 876 protestantium

217 896 393 952 clamitantes
417 896 586 951 catholicum
609 893 684 951 istud
710 891 881 964 principium
907 891 1028 947 ludibrio
1051 901 1161 948 uertant
1182 903 1210 950 et
1237 895 1360 952 scientiae

217 986 360 1041 inimicum
381 985 483 1040 dicant.
500 984 649 1040 Videamus
679 983 774 1056 igitur.
793 980 949 1053 Antequam
972 990 1066 1037 tamen
1083 983 1118 1038 ad
1143 999 1238 1040 eorum
1264 987 1359 1041 crimi-

216 1076 343 1131 nationes
361 1074 554 1146 expendendas
567 1074 774 1148 aggrediamur,
789 1088 875 1144 pauca
888 1073 962 1128 circa
981 1089 1096 1129 sensum
1114 1075 1229 1131 canonis
1244 1076 1360 1132 Triden-

216 1169 283 1223 tinae
301 1167 397 1240 synodi
415 1165 569 1222 adnotanda
586 1175 668 1231 sunt,
682 1180 716 1220 ne
729 1163 799 1219 sorte
816 1178 964 1236 germanus
985 1163 1061 1219 illius
1076 1165 1234 1221 intellectus
1251 1167 1358 1222 adulte-

217 1267 294 1314 retur
306 1267 389 1330 atque
411 1257 448 1312 ita
467 1255 611 1313 catholicis
631 1255 799 1326 objiciantur
821 1268 882 1325 quae
901 1254 930 1307 iu
947 1253 1010 1309 illos
1032 1255 1147 1311 minime
1166 1257 1310 1327 quadrent.

254 1350 379 1405 Primum
397 1347 509 1418 quidem
523 1356 619 1418 aperte
635 1347 758 1402 declarat
777 1353 872 1399 sancta
889 1345 1013 1417 synodus
1032 1347 1063 1400 in
1083 1346 1162 1400 relano
1175 1356 1282 1403 tautum
1297 1349 1361 1416 fidei

217 1443 242 1494 et
255 1454 377 1504 morum,
393 1440 429 1492 od
449 1439 653 1506 edificationem
672 1436 803 1490 doctrinm
815 1435 974 1488 christiano
984 1436 1193 1504 pertinentium,
1208 1436 1285 1493 nefas
1298 1453 1361 1494 esse

217 1528 375 1600 Scripturas
387 1527 564 1598 interpretari
580 1532 676 1581 contro
692 1542 753 1579 enm
765 1540 874 1578 sensnm
893 1539 976 1595 quem
991 1525 1082 1580 tenuit
1094 1536 1122 1581 et
1136 1536 1211 1583 tenet
1223 1528 1360 1596 Ecclesia;

218 1617 247 1673 in
258 1617 366 1672 caeteris
380 1632 498 1688 namque
512 1614 657 1679 Ecclesiae,
671 1629 724 1685 qua
738 1615 814 1679 talis,
830 1631 923 1669 senam
939 1615 1033 1670 nullus
1047 1625 1105 1682 est,
1119 1616 1192 1688 quod
1206 1632 1238 1673 ea
1251 1618 1286 1673 ad
1299 1634 1361 1676 sco-

217 1723 284 1778 pum
306 1723 389 1778 quem
407 1706 535 1763 Christus
553 1706 582 1760 in
603 1705 652 1760 illa
671 1703 866 1760 constituenda
890 1704 944 1761 sihi
967 1706 1116 1777 praestituit
1141 1724 1196 1765 non
1223 1718 1360 1780 spectant.

217 1799 289 1854 lliuc
306 1798 364 1869 jam
385 1799 473 1869 liquet
491 1811 574 1869 quam
593 1795 762 1851 latissimum
784 1810 913 1866 campum
939 1795 1085 1867 interpreti
1104 1797 1280 1854 lustrandum
1302 1815 1361 1854 ma-

216 1904 293 1945 uere.

255 1979 333 2048 Quod
351 1987 444 2034 autem
456 1977 490 2034 ad
504 1977 572 2033 illud
585 1977 685 2032 attinet
694 1976 767 2048 quod
780 1975 876 2048 adjicit
890 1977 1026 2050 synodus,
1038 1989 1136 2036 vetans
1149 1981 1360 2052 nequisquam,

217 2078 312 2127 contra
324 2072 483 2125 unanimem
495 2082 653 2123 consensum
671 2068 786 2123 Patron
803 2067 977 2137 Scripturam
994 2085 1101 2125 sacrorn
1120 2071 1297 2141 interpretari
1310 2089 1362 2127 nn-

218 2165 291 2228 deot,
310 2159 585 2217 animadvertendum
604 2167 648 2214 est
671 2159 831 2213 unanimem
848 2159 923 2214 huuc
947 2160 1060 2214 Patrum
1083 2176 1251 2217 consensum
1273 2162 1363 2233 ipsius

217 2251 347 2307 Ecclesiae
366 2265 479 2306 sensum
492 2249 608 2315 referre,
624 2256 824 2319 proptereaque
838 2264 925 2303 uuum
938 2265 970 2304 ac
985 2250 1058 2306 idem
1072 2266 1136 2306 cum
1149 2252 1272 2307 Ecclesia
1285 2268 1362 2320 esse;

218 2344 285 2398 dum
300 2341 375 2398 euim
388 2343 497 2407 Patres,
512 2348 543 2395 ut
555 2348 655 2406 testes,
670 2339 794 2394 unanimi
807 2354 855 2394 ore
868 2348 951 2410 caput
964 2340 1102 2411 quoddam
1116 2340 1179 2397 fidei
1192 2351 1241 2397 aut
1254 2358 1363 2398 morum

218 2435 331 2491 tradunt
343 2447 455 2498 omnes,
469 2431 598 2503 quoniam
608 2429 730 2487 Ecclesia
744 2444 800 2484 nou
815 2438 858 2484 est
870 2429 937 2500 quid
948 2430 1135 2498 abstractum,
1148 2432 1197 2487 sed
1213 2447 1279 2488 vere
1298 2447 1364 2487 con-

218 2533 292 2581 creta
318 2533 402 2594 atquc
427 2522 587 2579 hominihus
611 2529 757 2586 constans,
782 2521 894 2585 Patres,
923 2521 970 2575 uhi
992 2521 1140 2576 unanimes
1165 2531 1246 2587 suut,
1274 2521 1364 2592 ipsius

218 2614 348 2670 Ecclesiae
368 2628 482 2667 sensum
505 2611 633 2682 aperiunt
651 2626 684 2665 ac
700 2610 857 2675 declarant,
879 2624 933 2680 quo
954 2607 1034 2663 litut
1052 2614 1100 2680 qui
1121 2609 1246 2664 unanimi
1268 2625 1364 2666 eorum

219 2703 369 2765 consensui
380 2700 581 2772 refragaretur,
602 2709 697 2755 contra
717 2701 809 2771 ipsum
828 2699 958 2755 Ecclesiae
976 2715 1089 2755 sensum
1102 2699 1212 2755 laceret.
1227 2699 1287 2766 Quo
1300 2715 1365 2756 con-

220 2791 332 2857 stituto,
360 2790 394 2845 ad
420 2804 480 2844 rem
510 2788 649 2859 inceptam
674 2790 879 2863 progredimur,
911 2790 1116 2861 comprobaturi
1144 2791 1268 2863 regulam
1293 2792 1365 2847 hauc

220 2896 304 2952 quam
317 2880 516 2951 descripsimus
528 2895 585 2935 non
599 2878 681 2935 modo
693 2879 850 2950 disciplinae
860 2880 1006 2951 exegeticae
1019 2896 1076 2936 non
1089 2880 1200 2949 obesse,
1213 2883 1261 2938 sed
1274 2882 1365 2938 eidem

220 2973 373 3044 plurimum
387 2971 520 3043 prodesse
540 2978 568 3027 et
588 2980 728 3041 tamquam
748 2971 915 3044 principium
935 2986 967 3026 ac
980 2970 1101 3043 primum
1122 2987 1256 3029 canonem
1268 2973 1366 3030 'omnis

220 3079 293 3120 verae
305 3079 337 3118 ac
350 3077 488 3136 germanae
507 3077 655 3135 exegeseos
674 3060 829 3116 hahendam
848 3077 919 3118 esse.

259 3152 327 3220 Quae
339 3153 451 3224 quidem
464 3151 553 3208 thesis
566 3168 621 3207 non
635 3153 722 3207 multa
740 3161 802 3225 eget
819 3154 952 3209 oratione.
967 3153 1038 3220 Quid
1052 3151 1145 3209 euim?
1158 3153 1189 3208 ln
1202 3169 1235 3210 eo
1252 3171 1365 3211 versan-

221 3254 268 3301 tur
287 3243 510 3301 adversariorum
530 3242 755 3308 criminationes,
774 3244 849 3313 quod
870 3243 936 3300 huic
957 3245 1105 3316 obsequuti
1121 3246 1223 3318 regulae
1238 3245 1365 3302 catholici

221 3336 342 3409 theologi
360 3334 530 3407 praejudiciis
549 3332 685 3388 ducantur
705 3333 869 3404 adquorum
888 3351 1013 3391 normam
1027 3336 1176 3406 Scripturae
1194 3351 1306 3391 sensum
1320 3350 1366 3390 ac·

222 3425 411 3491 commodent,
432 3440 530 3496 parum
547 3424 660 3480 solliciti
680 3440 716 3478 an
737 3440 767 3479 re
779 3440 844 3479 uera
863 3425 1022 3480 intellectus
1040 3425 1087 3480 ille
1107 3441 1248 3481 sacrarum
1261 3425 1367 3480 littera-

222 3533 284 3573 rum
304 3516 398 3573 verbis
419 3516 456 3570 sit
475 3515 666 3586 subjiciendus
679 3530 790 3570 nec-ue.
810 3515 876 3571 lude
892 3515 1085 3586 templanum
1104 3523 1147 3571 est
1164 3516 1285 3587 primum
1302 3525 1367 3571 ante

223 3607 440 3679 disputationem
463 3605 637 3662 adversarios
663 3621 765 3677 ponere
791 3605 862 3660 nihil
880 3605 984 3661 vinculi
999 3606 1171 3661 intercedere
1194 3605 1366 3676 Scripturam

223 3697 297 3753 inter
314 3706 343 3751 et
360 3694 528 3762 Ecclesiam,
542 3694 590 3750 sed
604 3711 650 3751 res
665 3697 747 3767 plane
763 3697 888 3753 diversas
901 3711 964 3753 esse
982 3706 1093 3768 atquea
1108 3695 1271 3752 seinvicem
1286 3697 1367 3769 longe

222 3787 352 3853 dissitas,
373 3794 400 3840 et
423 3785 526 3840 idcirco
551 3784 698 3856 utriusque
720 3787 874 3843 doctrinam
895 3788 954 3859 pari
975 3789 1082 3844 ratione
1101 3787 1260 3858 discrepare
1284 3803 1367 3859 posse

223 3893 277 3949 qua
290 3877 360 3933 sorte
372 3875 554 3932 dissentirent
563 3874 662 3932 Gorani
676 3883 704 3931 et
713 3875 845 3932 Ecclesiae
860 3892 951 3933 sensa.
961 3876 1014 3934 Ubi
1027 3876 1101 3932 enim
1115 3876 1194 3932 firma
1208 3876 1366 3933 consistunt

224 3985 285 4040 quae
304 3969 339 4024 de
358 3976 453 4023 mutua
471 3966 620 4038 Scripturae
632 3976 661 4022 et
673 3967 803 4023 Ecclesiae
821 3968 1026 4024 necessitudine
1043 3968 1254 4036 constituimus
1271 3969 1365 4038 objur-

223 4059 297 4132 gatio
310 4059 363 4115 ista
380 4057 496 4114 ridicula
515 4068 544 4114 et
560 4057 679 4113 absurda
697 4059 834 4123 cernitur,
848 4073 899 4113 uec
913 4058 969 4113 ullo
981 4057 1037 4128 jam
1050 4058 1229 4116 fundamento
1249 4058 1363 4122 nititur,

224 4166 310 4222 quum
328 4149 423 4205 eadem
442 4149 480 4204 sit
497 4150 642 4220 utriusque
660 4148 794 4204 doctrina.
812 4149 946 4217 Quocirca
962 4157 993 4204 ut
1010 4150 1073 4221 jure
1091 4151 1190 4205 merito
1208 4147 1364 4204 convicium

224 4239 299 4296 istud
316 4240 397 4296 nobis
416 4240 563 4311 objiciant,
583 4238 730 4297 ostendant
742 4239 819 4311 prius
832 4255 947 4296 necesse
963 4249 1007 4296 est
1025 4240 1176 4313 scripturis
1194 4248 1222 4295 et
1234 4238 1365 4295 Ecclesiae

224 4330 296 4388 nihil
317 4347 464 4390 commuue
486 4347 571 4400 esse,
596 4331 749 4389 Ecclesiam
780 4346 796 4386 a
818 4329 929 4389 Christo
948 4322 1056 4390 ¹nullam
1082 4332 1168 4388 luisse
1198 4329 1363 4387 conditam:

1177 4457 1216 4514 Ἡ
