3166 5168
340 367 365 409 s.
380 365 582 420 aucusrmus,
601 362 796 407 urnrorvnusrs
809 362 978 407 aursnorus.
1184 350 1224 409 87

75 514 267 588 praecipitetur
280 511 405 568 audacia.
424 509 507 578 Quod
523 509 603 565 lacile
616 509 660 571 dt,
676 508 700 565 si
714 508 797 564 etiam
813 508 833 563 ii
849 509 897 579 qui
910 508 1002 564 valent
1014 508 1122 577 volare,
1134 526 1170 567 ne
1182 512 1227 568 eui

75 607 134 661 sint
147 603 302 676 periculoso
316 602 510 665 invitamento,
524 600 666 672 paulisper
675 608 807 671 cogantur
820 598 948 654 incedere
957 615 1011 669 qua
1021 600 1105 655 otiam
1118 602 1227 658 caeteris

75 705 169 750 tutum
189 703 242 749 est.
259 693 323 748 llaec
336 700 380 747 est
393 691 567 762 providentia
581 706 646 745 vera
658 689 801 762 religionis
811 705 818 744 :
830 690 883 744 hoo
894 690 1005 760 jussum
1015 689 1162 757 divinitus,
1176 692 1228 748 hoc

75 785 196 841 abeatis
210 783 363 854 majoribus
376 781 521 845 traditum,
536 780 588 836 hoc
603 780 638 835 ad
655 795 707 835 nos
721 793 809 850 usque
825 788 965 834 servatum
980 795 986 834 :
1002 779 1053 835 hoc
1066 781 1228 850 perturbare

76 877 150 932 velle
160 885 243 947 atque
257 883 428 946 pervertere,
447 873 520 926 attat
533 879 570 926 ort
583 872 661 926 aliud
673 886 756 940 quam
770 871 807 924 ad
820 886 915 924 oerum
930 871 1088 941 religionem
1104 886 1228 927 sacerna-

76 984 130 1024 catr
144 983 208 1023 vtau
225 981 354 1029 ounnenn
371 962 424 1035 (ad
442 962 470 1017 id
486 962 572 1033 probe
587 961 744 1025 attendant,
760 960 859 1025 velim,
874 968 1059 1031 protestantes
1074 977 1081 1015 :
1095 962 1227 1035 sacrilega

76 1057 122 1113 via
145 1066 188 1112 est
210 1071 272 1126 quae
293 1053 478 1110 institutionis
497 1061 579 1123 atque
600 1051 774 1107 auctoritatis
794 1050 846 1106 viae
868 1047 1062 1122 adversatur).
1082 1049 1160 1118 Quod
1179 1053 1227 1123 qui

77 1146 198 1212 iaciunt,
216 1161 281 1212 nec,
300 1145 324 1200 si
341 1145 382 1199 eis
395 1142 561 1200 concedatur
577 1143 650 1214 quod
663 1142 775 1206 volunt,
787 1148 902 1211 possunt
915 1158 968 1213 quo
978 1143 1122 1197 interaddat
1132 1160 1228 1213 paroe-

77 1239 151 1291 oire.
166 1235 328 1305 Cujuamodi
341 1236 414 1289 enim
426 1234 489 1288 libet
502 1234 634 1288 excellant
647 1233 771 1302 lagerio,
784 1231 920 1286 bisilicas
930 1233 1015 1298 adsit,
1030 1233 1107 1287 humi
1116 1242 1225 1304 repunt.

78 1328 157 1383 Tunc
173 1336 267 1382 autem
287 1326 382 1391 adest,
401 1324 425 1380 si
443 1323 584 1380 societatis
604 1322 730 1377 humanae
748 1321 778 1375 in
795 1321 881 1375 Deum
899 1321 1078 1378 tendentibus
1097 1339 1162 1378 cura
1179 1325 1226 1380 sit.

80 1417 141 1484 Quo
155 1417 242 1490 gradu
260 1416 332 1471 nihil
344 1414 452 1470 tirmius
469 1414 497 1469 in
514 1413 616 1469 eoelum
629 1411 745 1482 reperiri
761 1420 850 1482 potest
866 1408 950 1484 (1).»

116 1506 183 1561 lude
196 1506 340 1561 coniicitur
351 1521 402 1561 nec
415 1521 463 1561 eos
477 1506 524 1576 qui
539 1503 648 1577 ingenio
664 1502 782 1573 pollent,
797 1504 905 1559 deserta
920 1512 947 1558 et
961 1512 1116 1576 contempta
1132 1515 1228 1562 auoto-

81 1598 173 1653 ritatis
184 1597 242 1663 via,
258 1597 292 1652 ad
306 1612 379 1652 verae
391 1596 534 1667 religionis
547 1595 673 1650 notitiam
688 1609 769 1664 posse
783 1593 939 1665 pervenire;
951 1594 1025 1649 Dens
1042 1595 1117 1649 enlm
1136 1595 1227 1666 ipsos,

81 1688 205 1743 tumidos
230 1697 258 1743 et
276 1703 359 1758 quam
381 1686 504 1742 instituit
524 1684 645 1740 divinam
667 1684 858 1739 auctoritatem
884 1683 1027 1754 suscipere
1052 1694 1226 1749 recusantes,

82 1778 200 1845 deserit,
219 1794 251 1833 ac
269 1778 369 1849 spissis
387 1775 510 1834 obvoluti
533 1775 657 1831 tenebris
675 1774 753 1829 humi
773 1773 883 1829 tandem
901 1781 1011 1843 repunt.
1025 1775 1059 1828 Et
1073 1790 1138 1829 vero
1157 1775 1228 1831 hanc

82 1867 230 1940 Augustini
245 1867 426 1933 sententiam,
438 1882 521 1938 qnam
539 1874 567 1922 ct
584 1866 644 1937 ipse
661 1880 711 1921 sua
730 1864 899 1936 experientia
915 1862 1061 1929 didicerat,
1072 1864 1228 1921 luculenter

83 1957 257 2013 confirmavit
273 1956 399 2012 omnium
419 1957 666 2012 haeresiarcharum
688 1957 813 2013 historia.

122 2045 230 2114 Quibus
251 2056 407 2104 commotus
426 2048 593 2112 rationibus,
613 2047 753 2104 concludit
772 2054 885 2101 sauctus
904 2045 1001 2101 doctor
1017 2044 1088 2100 nihil
1106 2045 1228 2117 prolecto

83 2136 206 2207 iniquius
228 2137 288 2192 lieri
311 2153 393 2208 posse
415 2154 498 2209 quam
521 2140 555 2194 ab
578 2136 738 2207 hujusmodi
760 2137 805 2191 via
829 2135 984 2192 desciscere
1006 2151 1060 2206 qua
1086 2137 1144 2192 sola
1168 2147 1227 2196 tuto

83 2227 116 2282 ad
140 2229 227 2283 Deum
246 2228 395 2301 graditur:
418 2249 432 2282 «
445 2230 475 2284 ln
495 2228 629 2302 religione
708 2227 775 2298 quid
794 2226 917 2297 iniquius
938 2225 997 2281 fieri
1020 2236 1124 2297 potest,
1145 2245 1227 2299 quam

85 2328 116 2374 ut
129 2319 178 2374 llei
195 2319 335 2375 antistites
354 2320 434 2376 nobis
451 2335 506 2375 non
524 2319 618 2374 lictum
630 2319 754 2374 animum
770 2317 965 2389 pollicentibus
980 2317 1108 2383 credant,
1122 2333 1173 2373 nos
1186 2318 1228 2374 eis

85 2408 312 2479 praecipientibus
326 2411 447 2466 nolimus
461 2408 590 2466 credere?
601 2411 755 2473 Postremo,
768 2424 829 2479 quae
842 2415 932 2479 potest
945 2422 1006 2462 esse
1019 2407 1062 2462 via
1075 2406 1226 2473 salubrior,

86 2513 168 2567 quam
191 2499 321 2556 idoneum
344 2502 434 2572 primo
456 2502 516 2557 deri
536 2499 721 2573 percipiendae
739 2499 880 2565 veritatis,
899 2496 1055 2552 adhibendo
1072 2497 1108 2552 iis
1127 2495 1225 2565 fidem,

86 2603 148 2657 qum
164 2589 200 2643 ad
218 2590 420 2659 praecolendum
435 2600 462 2647 et
479 2591 513 2648 ad
528 2590 738 2663 praecurandum
755 2589 877 2644 animum
895 2597 961 2643 sunt
974 2587 1108 2643 divinitus
1123 2589 1227 2644 consti-

87 2675 165 2732 tuta?
184 2677 239 2733 Aut
261 2679 285 2734 si
302 2681 359 2750 jam
381 2696 495 2750 prorsus
514 2681 632 2737 idoneus
651 2681 705 2747 sis,
726 2679 844 2735 circuire
866 2677 958 2748 potius
980 2676 1151 2747 aliquantum
1172 2694 1227 2748 qua

87 2767 260 2822 tutissimum
279 2777 323 2823 est
342 2768 464 2840 ingredi,
485 2785 568 2838 quarn
587 2777 611 2824 ct
629 2770 679 2823 tt'ba'
698 2786 751 2824 case
769 2774 907 2823 auctorem
922 2768 1052 2836 periculi,
1072 2774 1101 2821 et
1119 2767 1227 2823 caeteris

88 2856 252 2912 temeritatis
271 2858 428 2928 exemplum
447 2857 541 2932 (illa

126 2947 211 3003 Porro
223 2947 261 3003 ita
274 2949 423 3004 constituta
435 2949 610 3005 auctoritatis
624 2948 653 3004 in
666 2964 697 3004 re
709 2947 839 3020 religiosa
852 2944 1034 3010 necessitate,
1048 2961 1102 3016 quo
1116 2947 1227 3018 plenius

88 3036 171 3092 fidem
184 3036 220 3091 ab
231 3036 451 3095 adversariorum
466 3039 712 3096 obtrectationibus
723 3046 842 3105 tueatur,
858 3037 947 3110 pergit
957 3036 1158 3093 demonstando
1171 3054 1227 3094 non

88 3128 117 3184 iu
140 3129 273 3202 religione
290 3139 414 3197 tantum,
434 3130 483 3186 sed
501 3139 528 3186 et
544 3131 573 3185 in
593 3130 722 3186 omnibns
741 3145 802 3200 quae
819 3128 891 3183 inter
912 3127 1038 3183 homines
1052 3127 1228 3185 intercedunt

89 3219 270 3276 relationibus
293 3221 367 3275 illam
385 3221 452 3277 adeo
472 3221 657 3277 necessariam
674 3237 751 3288 esse,
769 3229 800 3275 ut
817 3234 848 3275 ea
867 3219 991 3286 sublata,
1011 3219 1096 3275 simul
1116 3219 1229 3275 tollatur

89 3309 210 3365 humana
231 3311 358 3367 societas.
381 3313 422 3367 En
445 3327 500 3383 quo
519 3311 631 3367 tandem
652 3311 757 3382 liquido
775 3310 914 3366 constabit
934 3308 1031 3376 fidem,
1049 3323 1133 3379 quam
1151 3323 1228 3364 eom-

89 3401 223 3456 mendant
240 3402 380 3468 catholici,
402 3411 508 3459 naturae
527 3401 635 3475 legibus
655 3417 704 3472 per
724 3401 815 3457 omnia
832 3414 999 3465 consonare,
1017 3407 1045 3454 et
1063 3397 1227 3454 catholicam

88 3491 249 3547 methodum
268 3508 324 3548 non
341 3508 403 3548 esse
422 3492 478 3548 nisi
497 3491 737 3548 adumbrationem
750 3489 897 3562 quamdam
917 3489 1099 3560 peculiarem,
1117 3498 1146 3544 at
1164 3503 1227 3559 per-

88 3580 245 3648 fectiorem,
260 3582 342 3639 istius
355 3583 528 3639 auctoritatis
541 3583 685 3656 principii,
699 3583 728 3637 in
742 3597 811 3653 quo,
825 3579 910 3636 veluti
927 3579 955 3634 in
970 3578 1094 3645 cardine,
1109 3578 1229 3633 vertitur

88 3680 146 3728 tota
170 3671 315 3727 hominum
344 3671 473 3728 societas.
497 3670 542 3728 Sic
564 3672 648 3746 igitur
670 3679 878 3748 argumentatur
902 3668 1080 3727 acutissimus
1104 3668 1227 3739 philoso-

86 3761 181 3832 phus:
203 3759 332 3828 «Quaero
351 3762 442 3829 enlm,
461 3761 485 3818 si
505 3762 578 3833 quod
596 3764 735 3830 nescitur,
753 3761 920 3819 credendum
938 3776 993 3816 non
1012 3766 1070 3826 est,
1089 3759 1226 3829 quomodo

90 3851 212 3908 serviant
231 3851 392 3923 parentibus
410 3850 507 3918 liberi,
526 3866 628 3924 eosque
646 3862 742 3908 mutua
761 3852 863 3924 pietate
881 3851 997 3924 diligant
1015 3865 1084 3920 quos
1097 3858 1226 3920 parentes

90 3957 156 3998 suos
172 3957 235 3998 esse
255 3959 311 3999 non
329 3941 459 3999 credant?
478 3943 538 3999 Non
557 3943 633 4000 enlm
649 3943 757 4000 ratione
776 3942 833 3999 ullo
855 3951 935 4014 pacto
959 3940 1024 3998 sciri
1040 3949 1130 4012 potest
1150 3957 1157 3995 :
1177 3939 1226 3996 sed

90 4031 254 4103 interposita
273 4033 370 4090 matris
389 4033 551 4092 auctoritate
569 4034 604 4091 de
622 4043 700 4107 patre
712 4033 835 4091 creditur
849 4050 855 4089 :
869 4033 904 4089 de
918 4032 977 4105 ipsa
989 4047 1054 4090 vero
1068 4041 1155 4088 matre
1167 4031 1227 4102 ple·

121 4205 166 4271 (r)
182 4206 244 4255 ratu.

123 4287 261 4352 (atuor.
