3150 5160
366 359 425 420 idi
521 375 635 418 anouu.
657 374 816 418 sanentur.
840 374 1051 419 conrrnuarun
1072 373 1159 417 carn.
1184 371 1352 416 rumonus.

364 519 503 578 consortio
523 529 671 576 versantur
691 536 848 577 sermonem
867 519 1022 592 accipiunt,
1042 528 1070 575 et
1089 536 1120 576 ea
1143 521 1294 592 loquuntur
1312 519 1407 594 lingua
1426 535 1504 590 quam

361 612 513 668 audierunt
532 610 756 680 didiceruntque;
777 610 813 665 iis
835 619 928 665 autem
949 609 1050 680 quihus
1073 609 1160 665 deluit
1181 617 1302 666 externae
1323 609 1505 667 iustitutionis

365 702 576 767 adminiculum,
591 700 669 756 deest
681 715 791 771 quoque
805 699 942 756 sermonis
956 715 1033 755 usus.
1050 698 1104 766 Qui
1118 701 1262 770 quoniam,
1277 698 1427 754 latentibus
1439 699 1505 771 ipsis

365 791 560 858 rationalistis,
579 790 649 846 ideis
668 788 865 861 metaphysicis
883 788 1068 860 percipiendis
1087 788 1207 844 conditio
1227 787 1434 859 pernecessaria
1452 797 1503 856 est,

366 881 511 939 coniicitur
530 897 577 937 eos
596 882 695 936 harum
718 879 890 952 ignoratione
910 879 1021 950 penitus
1043 877 1142 934 teneri.
1164 878 1257 949 ltaque
1281 876 1506 947 conjunctissima

366 987 398 1028 ea
411 986 492 1043 quiam
513 986 609 1026 omnes
622 986 693 1041 pene
711 978 866 1042 agnoscunt
883 970 1019 1026 sermonis
1034 978 1062 1024 et
1073 967 1208 1039 expeditae
1227 967 1343 1023 rationis
1356 967 1505 1024 necessitas

366 1063 470 1118 thesim
483 1061 612 1133 superius
625 1061 781 1116 institutam
795 1059 951 1114 luculenter
963 1058 1058 1115 itidem
1074 1058 1255 1113 demonstrat.

404 1151 511 1218 Quibus
524 1150 653 1206 omnihus
666 1150 704 1206 ita
718 1151 867 1223 expeditis,
881 1151 909 1206 id
925 1151 1055 1222 deinceps
1072 1149 1145 1204 lirmi
1158 1160 1241 1221 atque
1257 1149 1416 1205 inconcussi
1432 1149 1505 1221 prin-

367 1242 433 1313 cipii
446 1243 506 1298 loco
519 1241 599 1296 nohis
612 1256 755 1297 assumere
770 1242 866 1308 liceat,
882 1243 957 1314 leges
974 1241 1075 1313 quibus
1092 1255 1170 1295 mens
1184 1240 1304 1295 humana
1320 1241 1427 1314 regitur
1442 1240 1505 1298 adeo

370 1340 513 1386 externam
531 1330 734 1387 institutionem
753 1331 913 1405 efflagitare,
929 1339 959 1386 ut
976 1331 1028 1385 hac
1045 1329 1189 1385 deficiente
1207 1344 1243 1384 ne
1261 1330 1378 1401 primam
1397 1330 1506 1401 quidem

367 1436 460 1477 rerum
481 1421 627 1475 moralium
649 1437 681 1476 ac
707 1422 957 1495 metaphysiearum
982 1420 1167 1494 cognitionem
1188 1420 1299 1490 assequi
1326 1419 1425 1490 possit.
1451 1420 1505 1488 Quo

368 1512 532 1576 constituto,
554 1511 635 1582 plane
658 1521 792 1569 corruunt
813 1510 1021 1567 criminationes
1043 1509 1144 1580 quihus
1167 1508 1375 1564 rationalismus
1396 1509 1505 1564 institu-

368 1601 453 1657 tionis
472 1610 554 1672 atque
572 1601 744 1658 auctoritatis
763 1599 924 1655 methodum
944 1599 1081 1672 exagitare
1100 1599 1259 1666 consuevit,
1277 1607 1308 1653 ut
1327 1615 1389 1670 quae
1409 1599 1505 1656 nativis

369 1691 497 1747 humanae
509 1690 626 1746 rationis
636 1690 746 1761 juribus
759 1689 963 1745 adversaretur.

407 1783 463 1838 lmo
480 1798 544 1838 vero
559 1798 613 1839 non
631 1781 749 1855 elinguis
765 1790 872 1836 tantum
890 1780 1016 1836 redditur
1033 1778 1253 1845 rationalismus,
1270 1776 1319 1834 sed
1340 1785 1368 1834 et
1386 1776 1504 1833 funditus

370 1870 534 1927 convellitur
553 1886 604 1927 uec
622 1870 741 1942 amplius
761 1871 816 1926 nisi
833 1879 864 1926 ut
880 1869 983 1943 ingenii
1002 1870 1166 1927 somniantis
1185 1879 1214 1925 et
1228 1868 1389 1940 praeposteri
1410 1860 1505 1923 delira-

370 1969 496 2016 mentum
514 1960 610 2016 haheri
628 1968 738 2033 potest:
754 1961 862 2016 sublato
879 1960 953 2015 enim
974 1975 1006 2015 eo
1025 1960 1054 2015 in
1073 1975 1126 2031 quo
1142 1959 1261 2014 vortitur
1279 1958 1433 2031 principie,
1450 1958 1505 2029 ipse

369 2067 479 2123 quoque
504 2061 615 2107 corruat
639 2066 753 2107 necesse
777 2061 829 2106 est.
853 2051 888 2107 ht
911 2049 1003 2122 quivis
1025 2050 1214 2106 rationalismo
1238 2048 1365 2104 addictus
1389 2049 1418 2104 id
1441 2048 1505 2105 sacri

370 2141 474 2196 decreti
492 2140 581 2196 instar
598 2140 699 2207 sumit,
713 2139 854 2194 hominem
873 2138 926 2194 sihi
949 2138 997 2193 uni
1014 2138 1194 2209 permissum,
1209 2139 1278 2194 citra
1294 2138 1415 2193 alienam
1430 2137 1505 2194 insti·

371 2230 517 2294 tutionem,
532 2230 689 2285 intellectus
705 2228 848 2286 facultates
864 2230 989 2286 evolvere
1007 2244 1098 2300 posse.
1112 2228 1178 2284 lnde
1190 2236 1282 2284 autem
1296 2227 1355 2284 duo
1368 2228 1398 2283 in
1415 2227 1505 2299 primis

370 2321 541 2377 consectaria
561 2320 648 2387 elicit,
667 2335 785 2391 quorum
806 2320 892 2393 gratia
915 2319 1057 2374 decretum
1078 2319 1148 2374 illud
1166 2328 1242 2375 tanto
1266 2318 1359 2374 studio
1380 2317 1505 2375 adsciscit

370 2425 403 2465 ac
419 2410 559 2467 mordicus
576 2418 678 2465 tuetur.
693 2409 831 2480 Consequi
849 2425 949 2481 nempe
966 2409 1005 2464 ait
1018 2409 1185 2479 primitivam
1202 2409 1416 2476 revelationem,
1429 2423 1505 2481 qnam

370 2500 515 2557 christiani
538 2499 707 2565 defendunt,
732 2515 963 2572 supervacaneam
986 2514 1047 2555 esse
1072 2507 1100 2554 et
1123 2499 1225 2556 idcirco
1248 2508 1280 2554 ut
1303 2499 1505 2572 superstitionis

369 2588 532 2664 figmentum
556 2589 774 2661 explodendam3
803 2590 876 2645 Deus
901 2588 1003 2660 quippe
1029 2589 1100 2644 nihil
1121 2599 1222 2660 praeter
1242 2590 1371 2647 utilitatis
1400 2605 1506 2646 causam

370 2679 469 2748 efficit,
483 2681 565 2736 homo
575 2690 667 2736 autem
681 2680 748 2736 solis
762 2681 821 2736 suis
837 2679 944 2735 virihus
958 2679 1039 2735 nixus
1053 2695 1084 2734 ea
1097 2697 1158 2751 quae
1170 2680 1204 2735 ad
1215 2681 1376 2754 religionem
1387 2690 1506 2754 spectant

369 2769 495 2824 invenire
514 2776 618 2840 potest,
639 2783 690 2824 nec
707 2784 777 2840 opus
796 2777 839 2824 est
858 2769 892 2823 ad
912 2768 995 2839 primi
1015 2769 1187 2827 institutoris
1208 2770 1396 2827 interventum
1416 2772 1507 2829 conlu-

367 2874 443 2932 gere.
457 2859 543 2915 Porro
556 2858 708 2933 magisterii
722 2858 867 2928 cuiusdam
883 2857 1101 2927 institutionem,
1115 2861 1196 2932 cujus
1209 2861 1246 2916 sit
1258 2862 1387 2926 homines
1402 2862 1507 2920 erudire

367 2962 403 3002 ac
423 2948 533 3016 docere,
557 2964 635 3019 aeque
659 2949 786 3004 inutilem
808 2949 934 3005 convinci
957 2948 1052 3004 dicunt
1074 2951 1234 3007 adversarii.
1259 2953 1298 3008 Ex
1321 2971 1377 3025 qno
1401 2942 1506 3012 demum

371 3036 468 3092 confici
487 3040 599 3100 volunt,
619 3053 651 3093 ea
667 3039 758 3094 omnia
781 3038 942 3112 exagitanda
959 3053 991 3092 ac
1012 3040 1199 3110 propulsanda
1218 3051 1359 3114 tamquam
1382 3044 1507 3120 figmenta

364 3125 505 3194 humana,
524 3127 625 3196 quihus
643 3143 724 3182 mens
745 3128 819 3183 haud
839 3128 958 3183 terendae
975 3130 1101 3186 servituti
1124 3132 1268 3188 addicatur
1287 3143 1327 3201 et,
1344 3136 1507 3193 reclamante

367 3225 477 3271 naturae
497 3232 584 3282 voce,
607 3217 706 3272 nativae
729 3217 865 3274 libertatis
888 3218 999 3288 juribus
1024 3221 1213 3280 miserandum
1236 3224 1265 3280 in
1288 3225 1402 3281 modum
1425 3218 1506 3282 desti-

369 3314 475 3363 tuatur.

408 3396 544 3465 Quoniam
566 3397 651 3471 igitur
668 3398 807 3456 universis
827 3409 946 3469 naturae,
965 3420 1035 3475 quas
1053 3404 1161 3461 insulse
1181 3407 1322 3474 venditat,
1342 3408 1451 3482 legibus
1469 3423 1508 3464 re-

370 3495 474 3561 pugnat
486 3487 669 3544 rationalismi
688 3489 871 3562 principium,
888 3491 1048 3565 profligatus
1066 3495 1126 3566 ipse
1144 3497 1266 3553 imbellis
1277 3497 1366 3568 jacet;
1381 3499 1507 3554 crimina·

368 3577 462 3634 tiones
482 3594 548 3635 vero
570 3578 672 3648 quihus
696 3580 860 3636 catholicam
883 3583 1044 3638 methodum
1066 3583 1150 3641 adicit
1171 3586 1242 3642 nihil
1264 3588 1385 3659 amplius
1410 3589 1509 3645 hahent

368 3668 487 3736 virium,
509 3668 559 3725 sed
578 3668 700 3724 ridendae
717 3679 783 3726 suut
802 3674 961 3744 aegrotantis
981 3674 1208 3744 petulantiorisve
1226 3676 1313 3730 animi
1335 3678 1507 3749 querelarum

369 3757 472 3823 instar,
485 3760 548 3829 qui,
562 3768 594 3815 ut
607 3759 660 3815 sihi
679 3759 777 3816 aliisve
795 3760 889 3816 lucum
906 3762 1003 3831 iaciat,
1023 3764 1123 3822 stolido
1143 3782 1191 3822 ore
1209 3775 1342 3839 perpetuo
1354 3768 1478 3824 clamitet
1492 3783 1509 3822 a

369 3847 478 3903 caeteris
500 3850 630 3906 omnihus
652 3850 770 3907 rationis
791 3852 866 3924 leges
895 3853 1008 3922 violari,
1034 3871 1103 3927 quas
1122 3857 1182 3928 ipse
1203 3856 1276 3913 helle
1299 3866 1466 3928 aspernetur
1483 3865 1509 3912 et

370 3936 494 4009 quotidie
513 3938 663 4012 infringere
683 3957 738 3997 non
756 3941 872 3998 dubitet.
887 3945 1150 4003 Prostestantismus
1169 3947 1266 4011 etiam,
1286 3947 1347 4018 qui,
1362 3947 1387 4004 si
1404 3947 1458 4003 sibi
1477 3961 1508 4002 ex

368 4036 429 4085 toto
443 4037 596 4095 constaret,
615 4046 679 4086 cum
692 4033 880 4090 rationalismo
897 4035 1044 4090 convenire
1056 4035 1169 4090 deheret
1182 4045 1210 4091 et
1222 4036 1349 4107 quemvis
1368 4035 1508 4091 hominem

369 4118 430 4174 suis
451 4117 541 4189 ipsius
553 4118 660 4177 virihus
678 4125 853 4195 permittere,
867 4141 944 4197 aeque
957 4134 1062 4181 naturae
1074 4125 1213 4182 adversari
1230 4126 1410 4198 approbatur;
1431 4127 1508 4198 plane

369 4209 445 4264 enim
469 4209 556 4282 liquet
579 4210 736 4280 hominem,
756 4216 780 4271 si
799 4216 852 4271 sihi
869 4214 1089 4287 permitteretur,
1109 4215 1200 4272 omnis
1219 4215 1344 4272 veritatis
1366 4224 1506 4287 expertem

368 4306 504 4355 aeternum
522 4313 748 4373 permansurum,
771 4303 844 4360 hanc
861 4312 954 4362 autem
974 4304 1076 4364 mentis
1096 4304 1224 4365 humanae
1241 4314 1369 4365 naturam
1389 4321 1465 4376 esse,
1478 4309 1507 4360 nt
