3150 5160
393 370 532 414 rnornsr.
555 371 615 414 cun
636 371 693 416 suo
716 371 869 415 aarucrrro
891 371 983 414 urnas
1005 370 1152 414 rucuma.
1288 356 1345 414 1⁶25

246 514 338 585 Neque
349 529 415 571 vero
428 516 596 586 permiscere
614 516 656 572 ias
668 526 711 572 est
724 518 877 588 scepticum
891 516 960 572 illud
973 516 1084 586 Deoque
1098 516 1216 570 maxime
1230 515 1347 586 injurio-

213 620 270 661 sum
288 604 512 662 indifferentismi
530 606 673 663 decretum
687 622 751 662 cum
770 623 802 663 ea
815 607 999 679 plurimorum
1021 606 1212 678 theologorum
1231 606 1348 662 catholi-

212 711 303 752 corum
320 697 473 762 sententia,
496 697 616 767 aliquem
637 697 737 753 salvari
759 713 841 769 posse
862 698 910 768 qui
932 696 1014 751 ladem
1037 695 1067 750 in
1091 694 1233 751 Christum
1255 696 1347 766 ipsum

212 785 365 858 explicitam
385 802 439 843 non
461 786 576 855 habeat,
599 788 722 844 simodo
743 788 817 844 vinci
838 803 893 844 nou
911 785 1032 858 potuerit
1045 785 1098 840 ista
1113 784 1142 838 in
1156 799 1209 854 qua
1221 793 1349 840 versetur

212 876 369 950 ignorantia.
388 878 565 948 Nequaquam
582 879 657 934 enim
676 879 938 934 indifferentismum
959 875 1132 933 constituunt
1149 874 1269 947 theologi
1283 890 1348 930 nos-

211 967 256 1031 tri,
279 967 328 1022 sed
353 967 387 1022 ab
410 983 442 1023 eo
464 983 578 1038 prorsus
601 968 760 1025 abhorrent.
784 968 857 1037 Quid
882 967 981 1043 igitur?
1003 967 1033 1022 ld
1054 964 1183 1038 principii
1209 964 1269 1020 loeo
1294 964 1348 1021 sibi

212 1066 355 1113 assumunt
376 1058 504 1114 catholici
533 1074 645 1124 omnes,
669 1058 796 1133 dogmata
822 1059 947 1130 quaedam
973 1057 1086 1113 delinita
1111 1071 1143 1111 ac
1165 1055 1348 1111 determinata

212 1162 271 1202 esse
288 1147 371 1202 abeo
387 1149 522 1214 revelata,
537 1148 689 1221 eademque
701 1149 816 1204 minime
829 1150 863 1205 ad
883 1150 1001 1205 salutem
1022 1147 1206 1217 indifferentia
1219 1146 1348 1218 quopiam

212 1245 288 1306 pacto
306 1236 401 1293 haberi
415 1253 512 1308 posse,
526 1239 575 1294 sed
589 1239 719 1295 omnibus
736 1240 849 1295 omnino
872 1239 1030 1296 hominibus
1050 1238 1183 1294 tradenda
1197 1238 1231 1293 ab
1253 1238 1349 1310 eisquc

212 1327 387 1398 suscipienda
400 1337 428 1384 et
439 1328 518 1384 firme
531 1328 667 1385 credenda
681 1345 757 1397 esse,
771 1345 802 1385 ea
813 1329 925 1401 quidem
939 1329 1013 1404 lege,
1028 1337 1059 1384 ut
1072 1330 1103 1382 dc
1112 1329 1288 1399 prouidentia
1300 1329 1349 1383 liei

211 1419 354 1473 ordinaria
376 1418 475 1473 salvari
497 1428 636 1490 nequeant
657 1419 825 1491 quicumque
842 1420 889 1474 illa
909 1435 964 1476 non
984 1419 1161 1474 crediderint.
1183 1418 1249 1486 Quae
1267 1433 1349 1490 porro

154 1532 158 1543 ·
212 1516 242 1563 ut
253 1508 383 1564 omnibus
396 1508 425 1563 in
444 1508 606 1565 universum
626 1509 786 1566 bominibus
805 1510 979 1566 innotescere
998 1510 1107 1581 possint
1120 1518 1202 1580 atque
1215 1509 1253 1564 ita
1267 1509 1301 1565 ab
1314 1509 1350 1566 iis

211 1599 300 1664 credi,
314 1598 476 1669 profitemur
493 1600 579 1655 Deum
598 1598 810 1671 haudquaquam
829 1616 892 1655 eum
913 1616 976 1656 esse
988 1601 1035 1672 qui
1048 1600 1174 1674 dogmata
1187 1601 1351 1658 revelaverit

211 1703 241 1742 ac
254 1697 368 1759 repente
386 1689 500 1755 abierit,
519 1689 567 1744 illa
586 1688 702 1744 lortunae
721 1690 800 1761 quasi
819 1690 996 1762 permittens,
1017 1690 1065 1746 sed
1084 1707 1134 1761 pro
1147 1705 1197 1746 sua
1214 1690 1349 1761 sapientia

210 1780 400 1835 auctoritatem
419 1779 526 1835 firmam
548 1795 579 1835 ac
601 1788 735 1836 aeternum
759 1781 901 1837 immotam
921 1782 949 1837 in
969 1781 1052 1837 terris
1077 1781 1248 1845 instituisse,
1269 1781 1349 1852 cujus

210 1877 372 1941 perpetuum
395 1886 497 1925 mainus
520 1870 557 1926 sit
581 1871 701 1926 revelata
723 1871 851 1946 dogmata
874 1872 979 1946 integra
1007 1871 1168 1942 illibataque
1193 1871 1348 1939 custodire,

209 1969 291 2031 atque
308 1975 340 2015 ea
365 1960 505 2031 quoslibet
526 1960 655 2018 homines
671 1961 795 2018 docere:
820 1962 848 2018 hi
866 1978 931 2020 vcro
952 1962 1104 2018 Ecclesiam
1123 1961 1220 2017 audire
1245 1962 1349 2018 debent

209 2049 290 2119 eique
308 2048 473 2121 obsequium
495 2060 642 2122 praestare,
662 2052 814 2108 doctrinam
836 2069 919 2123 quana
941 2053 1044 2124 ubique
1063 2062 1201 2108 terrarum
1218 2052 1350 2123 praedicat

209 2137 376 2208 accipientes
398 2138 606 2212 credentesque.
626 2140 703 2209 Quod
721 2141 746 2195 si
767 2151 860 2197 mmen
879 2142 985 2198 aecidat
1004 2151 1035 2198 ut
1054 2141 1138 2212 aliqui
1158 2142 1286 2199 homines
1305 2141 1349 2198 in—

208 2236 295 2284 ternae
315 2228 411 2300 gratiae
433 2229 552 2285 lideliler
574 2229 775 2302 respondentes
797 2241 826 2288 et
842 2231 987 2300 iacientes,
1012 2242 1042 2288 ut
1063 2232 1158 2299 aiunt,
1178 2234 1249 2303 qood
1271 2236 1302 2288 itt
1322 2250 1350 2289 ac

208 2320 258 2384 rit,
287 2326 344 2374 tota
367 2319 438 2385 vita,
466 2318 507 2375 sic
539 2321 703 2393 disponente
727 2322 795 2388 Deo,
822 2323 973 2379 Ecclesiam
998 2323 1162 2396 populorum
1188 2325 1349 2399 magistram

208 2407 343 2464 divinitus
366 2410 521 2466 institutam
544 2412 683 2478 nesciant,
701 2421 784 2484 atque
802 2413 857 2480 ita,
881 2414 933 2470 hoc
959 2414 1103 2470 deficiente
1125 2415 1295 2488 magisterio,
1320 2415 1350 2470 in

209 2499 382 2572 ignoratione
395 2503 579 2557 revelatorum
596 2501 769 2575 dogmatum,
785 2503 840 2559 imo
854 2512 881 2559 et
894 2505 983 2576 ipsius
1003 2504 1106 2560 Christi
1122 2504 1183 2561 sinc
1199 2521 1249 2560 sua
1268 2504 1349 2576 culpa

208 2598 371 2656 versentur,
385 2599 445 2646 tum
458 2591 571 2662 plurimi
586 2592 719 2665 theologi,
735 2592 901 2663 quibuscum
916 2594 1060 2665 perlibenti
1075 2594 1167 2649 animo
1179 2604 1207 2650 et
1219 2610 1270 2650 nos
1282 2593 1350 2650 laci-

209 2696 289 2747 mus,
309 2680 421 2735 illorum
442 2682 560 2736 salutem
578 2681 651 2736 haud
670 2682 832 2752 desperant;
846 2683 894 2738 sed
914 2684 1088 2750 existimant,
1108 2684 1133 2739 si
1156 2684 1224 2740 alias
1243 2683 1349 2754 reliqua

208 2770 350 2827 adfuerint
362 2769 510 2840 requisita,
525 2770 595 2825 nihil
609 2770 757 2841 prohibere
770 2772 918 2842 quominus
932 2773 951 2827 ii
964 2774 994 2828 in
1014 2773 1158 2829 beatorum
1177 2773 1349 2830 consortium

209 2863 239 2917 in
259 2859 338 2916 coelis
350 2859 551 2917 adsciscantur.

247 2951 279 3006 ln
289 2951 333 3007 his
346 2959 439 3006 autem
452 2950 523 3005 nihil
532 2949 656 3007 cernitur
664 2951 737 3023 quod
747 2951 1008 3009 indifferentismum
1022 2955 1234 3026 protestantium
1247 2956 1290 3012 vel
1301 2955 1351 3011 ali·

209 3042 376 3115 quantulum
395 3041 526 3097 redoleat.
540 3041 642 3098 Verum
661 3046 801 3100 enimvero
817 3045 947 3101 docemus
961 3046 1087 3116 quemvis
1101 3045 1245 3103 hominum
1258 3046 1352 3101 debere

210 3134 240 3188 in
264 3131 425 3187 universum
447 3146 613 3205 cognoscere
632 3147 665 3187 ae
683 3133 795 3190 erodere
813 3151 875 3206 quae
893 3135 964 3191 Deus
982 3137 1114 3192 revelavit
1127 3156 1134 3193 ;
1149 3137 1223 3192 unde
1236 3137 1351 3193 cuilibet

210 3223 300 3280 oritur
323 3224 439 3294 officium
458 3238 505 3290 ea,
528 3223 552 3278 si
573 3222 697 3279 nondum
721 3226 843 3293 noverit,
861 3226 1002 3297 inquirere
1023 3243 1039 3282 a
1060 3243 1168 3282 summo
1191 3226 1352 3300 magisterio

209 3314 345 3371 diuinitus
364 3315 438 3371 inter
456 3313 583 3370 homines
601 3314 766 3383 constituto;
781 3333 834 3387 quo
848 3317 959 3387 quidem
973 3328 1083 3390 reperto
1094 3317 1214 3389 amplius
1233 3317 1276 3372 las
1289 3332 1352 3373 esse

209 3408 307 3478 nequit
319 3406 362 3461 vel
376 3407 464 3460 ullum
478 3420 511 3459 ex
524 3405 671 3471 revelatis,
689 3421 749 3476 quae
766 3407 914 3477 praedicat,
928 3406 1102 3481 dogmatibus
1116 3408 1232 3478 rejicere
1251 3415 1299 3462 aut
1321 3406 1351 3462 in

210 3496 327 3553 dubium
348 3512 455 3552 vocare.
478 3496 573 3565 ltaque
591 3511 677 3567 quum
696 3495 814 3552 dicimus
837 3496 897 3552 lieri
920 3512 1003 3568 posse
1021 3507 1052 3553 ut
1074 3499 1137 3570 quis
1158 3498 1219 3553 sine
1246 3497 1351 3554 Christi

211 3585 368 3660 cognitione
399 3586 497 3642 salutis
525 3587 663 3658 particeps
685 3586 837 3655 efficiatur,
867 3587 896 3643 id
922 3604 1096 3660 nequaquam
1122 3597 1152 3644 ut
1183 3587 1351 3659 principium

211 3677 272 3734 sive
284 3677 373 3750 legem
387 3676 547 3733 oeconomiae
567 3676 666 3733 salutis
684 3694 858 3735 communem
878 3679 1040 3746 statuimus,
1056 3679 1105 3736 scd
1119 3687 1149 3733 ut
1165 3693 1269 3733 meram
1283 3679 1352 3753 legis

211 3770 402 3840 acceptionem.
423 3767 645 3822 Protestantibus
659 3776 754 3823 contra
772 3785 817 3836 ea,
836 3785 919 3840 quam
931 3770 1066 3837 dicimus,
1080 3770 1213 3838 acceptio,
1236 3771 1302 3841 lepis
1320 3787 1353 3826 uc

209 3859 348 3930 principii
365 3859 515 3913 communis
529 3857 663 3912 rationem
677 3859 768 3915 habet.
789 3859 939 3927 Quoniam,
957 3861 1057 3916 horurn
1077 3860 1191 3932 probata
1208 3861 1352 3928 methodo,

212 3948 394 4018 consequitur
412 3948 520 4003 nullum
539 3947 635 4020 dogma
655 3947 765 4003 firmum
785 3950 952 4015 consistere,
974 3950 1052 4005 aiunt
1074 3949 1115 4004 illi
1138 3948 1168 4004 in
1192 3950 1353 4005 universum

212 4039 322 4094 nullum
346 4038 478 4094 doctrinae
500 4046 582 4109 eaput
601 4037 802 4109 speculativum
822 4054 884 4095 esse
906 4039 1110 4106 necessarium,
1132 4047 1160 4095 et
1176 4038 1206 4095 in
1231 4038 1354 4110 qualibet

212 4137 288 4184 secta
303 4129 419 4184 salutem
432 4143 509 4199 aeque
522 4128 641 4184 obtineri
655 4144 749 4201 posse,
764 4129 903 4185 neminem
921 4129 1037 4200 proinde
1057 4131 1142 4187 teucri
1161 4129 1303 4202 inquirere
1322 4142 1354 4184 ac

213 4219 360 4291 magistros
377 4234 474 4293 rogare
490 4233 525 4274 an
544 4228 649 4290 atquae
666 4219 740 4275 Deus
758 4219 921 4276 revelaverit
935 4220 1075 4295 dogmata,
1089 4219 1217 4293 quodque
1235 4218 1354 4273 medium

213 4308 367 4368 instituerit
387 4326 441 4383 quo
464 4325 496 4367 ea
522 4310 681 4368 horninibus
707 4311 925 4379 innotescerent;
948 4312 998 4370 sed
1020 4311 1089 4370 satis
1116 4323 1180 4368 esse
1203 4307 1303 4367 docent
1328 4305 1353 4363 si
