3166 5168
197 352 220 413 d
354 367 1184 416 ιιιιιιειοιιιςιιιιιωιιςιῑιιιιπιωιιιιιοιιι.

196 512 371 570 nissmsibi
390 514 854 588 inrereligiosasatissnptrqne
873 515 1257 589 eonsulcoeposstttcratat
1283 519 1344 573 hac

196 605 315 661 mitian
332 604 489 662 tabularum
506 616 642 669 rectator,
659 621 717 662 non
731 622 794 680 ego.

232 695 295 752 lam
309 711 376 769 ergo
385 712 448 768 quz
456 696 530 768 apud
541 696 652 752 ludens
664 695 749 753 luerit
759 697 904 770 religionis
916 696 1003 753 lorma
1015 714 1049 754 ac
1060 698 1208 755 metlrodns
1220 699 1343 770 penitius

197 800 391 857 inspiciamus.

234 877 360 933 Primum
376 877 490 948 quidem
504 876 541 932 de
562 877 652 949 ipsius
668 877 795 934 llnsaien
810 879 880 952 legis
899 879 993 937 indole
1009 880 1159 936 dicendum
1177 881 1309 936 arbitror.

234 966 334 1023 Procul
350 966 436 1023 dubio
455 968 547 1024 cuiuis
561 967 718 1024 attendenti
735 970 914 1042 perspicuum
932 973 988 1027 erit
1007 972 1097 1044 legem
1115 971 1187 1026 lianc
1203 971 1344 1025 diversam

197 1072 215 1114 a
233 1059 299 1114 nori
317 1058 488 1114 Testamenti
505 1059 654 1130 scripturis
668 1059 791 1115 indolem
810 1061 927 1126 relerre;
944 1062 987 1116 lrae
1003 1077 1137 1132 namque.
1154 1072 1185 1116 nt
1201 1061 1231 1115 in
1248 1070 1345 1131 poste-

197 1165 262 1206 rnm
275 1150 390 1206 uberius
404 1150 540 1206 asserturi
555 1166 665 1213 snmus,
679 1166 853 1221 nequaquam
865 1167 929 1206 enm
942 1151 972 1205 in
989 1151 1074 1206 linem
1085 1151 1204 1206 conditae
1217 1150 1345 1215 luerunt,

198 1249 230 1295 nt
245 1240 407 1313 religionem
423 1240 616 1312 Erangettcan
632 1241 791 1296 nniversam
804 1243 1067 1313 complecterentur,
1080 1242 1131 1298 sed
1144 1242 1208 1311 ejus
1221 1251 1346 1296 tantum-

198 1330 280 1385 modo
293 1340 386 1401 partes
397 1340 427 1385 ct
437 1329 602 1403 lragmenta,
617 1341 698 1401 pront
711 1332 868 1402 postulabat
881 1342 1037 1403 temporum
1052 1333 1218 1395 necessitas,
1229 1332 1346 1386 tradunt

198 1427 357 1474 tuenturrc.
375 1419 477 1475 l'ernm
498 1421 523 1476 si
546 1420 634 1476 libros
652 1421 788 1477 llosaicos
805 1423 977 1493 respexeris,
996 1439 1057 1478 rem
1077 1438 1193 1494 prorsus
1213 1423 1296 1476 aliter
1312 1437 1346 1477 se

198 1507 301 1565 habere
322 1526 386 1566 mox
404 1510 518 1566 rideris.
542 1511 591 1565 liei
614 1512 690 1566 enim
714 1511 797 1581 jussu
819 1513 910 1567 lloses
935 1513 1040 1582 scripto
1062 1512 1174 1566 mandat
1200 1510 1346 1583 religionis

196 1597 324 1671 dogmata
338 1615 372 1655 ac
388 1610 540 1672 praecepta,
561 1601 755 1672 praecipuaque
772 1617 868 1656 rerum
883 1602 919 1656 ad
940 1602 1068 1657 divinum
1086 1602 1193 1657 cultum
1214 1611 1346 1672 spectan-

197 1687 269 1743 tium
289 1690 379 1760 capita
400 1691 454 1761 ipsi
472 1690 502 1745 in
524 1701 618 1746 monte
640 1690 706 1746 Sina
727 1691 863 1746 divinitus
885 1690 1001 1757 tradita;
1022 1702 1115 1747 exarat
1137 1692 1214 1762 ipsas
1233 1692 1346 1763 regulas

197 1792 231 1834 ac
248 1779 324 1852 leges
340 1780 443 1851 quibus
461 1781 491 1836 in
506 1782 642 1838 universae
659 1783 724 1838 ritae
738 1782 939 1839 consuetudine
958 1783 1109 1838 lsraelitien
1127 1798 1197 1856 gens
1218 1792 1345 1855 rogatum

197 1877 228 1925 et
244 1884 278 1925 eo
298 1872 412 1941 quidem
434 1873 516 1929 modo
539 1873 598 1928 ltacc
618 1873 712 1928 omnia
735 1874 870 1928 enunciat
891 1888 924 1928 ac
943 1873 1091 1937 describit,
1119 1883 1150 1927 nt
1168 1874 1239 1927 citra
1258 1873 1347 1929 ullam

197 1974 310 2031 operam
329 1977 345 2016 a
364 1979 475 2034 qnoque
495 1963 612 2037 intelligi
632 1974 661 2019 et
679 1964 780 2035 cuique
798 1964 975 2035 apertissima
997 1978 1062 2018 esse
1085 1977 1169 2034 posse
1187 1962 1345 2018 rideantur.

197 2049 333 2119 Quocirca
350 2068 415 2109 cum
432 2056 524 2128 legum
540 2054 650 2120 codice,
671 2055 719 2125 qni
741 2054 835 2109 omnia
856 2053 989 2124 expendit
1009 2063 1036 2108 et
1054 2052 1273 2124 explicatissima
1289 2068 1348 2123 qua

197 2152 289 2214 potest
311 2145 418 2200 ratione
440 2146 555 2210 edocet,
580 2145 714 2200 llosaicos
737 2144 824 2201 libros
850 2144 924 2200 ltaud
942 2145 1082 2199 immerito
1104 2145 1168 2215 quis
1184 2144 1346 2200 contulerit.

197 2232 334 2289 l’raeterea
351 2249 418 2290 vero
436 2236 556 2307 populus
573 2235 688 2306 jubetur
711 2235 776 2290 illos
797 2235 898 2291 diurna
917 2244 1108 2305 nocturnaque
1130 2249 1213 2288 manu
1232 2248 1348 2290 versare

199 2336 317 2393 eosque,
338 2331 371 2378 nt
389 2323 427 2379 ita
444 2325 551 2389 dicam,
573 2324 661 2380 veluti
684 2326 860 2381 enchiridion
885 2325 1025 2396 quoddam
1047 2323 1192 2396 religionis
1214 2333 1348 2394 perpetuo

200 2429 259 2485 prae
276 2415 365 2470 oculis
382 2415 495 2471 habere.
516 2415 602 2489 lgitnr
619 2416 644 2471 si
663 2416 775 2487 qnando
793 2415 936 2472 tradendae
952 2415 1202 2485 conservandaeque
1218 2414 1347 2488 religioni

200 2504 371 2575 Scriptorum
397 2506 452 2562 sibi
480 2507 533 2562 soli
556 2506 684 2562 sulficere
712 2507 839 2578 potuisse
864 2506 1027 2579 contigerit,
1053 2505 1081 2560 id
1104 2504 1227 2576 prolecto
1249 2504 1280 2558 iu
1300 2519 1345 2570 ea,

200 2610 284 2666 quam
305 2610 464 2662 versamus,
485 2598 590 2668 epocha
608 2596 744 2653 accidisse
767 2596 903 2651 lateamor
924 2611 1040 2652 necesse
1058 2604 1112 2650 est.
1135 2595 1234 2651 Utrum
1251 2605 1344 2651 tamen

200 2684 231 2740 in
257 2684 302 2740 ltis
326 2686 411 2741 etiam
433 2687 575 2758 adjunctis
592 2686 735 2759 Scriptura
757 2687 817 2743 sola
842 2686 979 2752 extiterit,
998 2702 1034 2740 an
1056 2701 1192 2740 unacum
1210 2686 1340 2758 ipsanon

202 2775 308 2832 luerint
321 2777 486 2833 traditiones
497 2778 560 2833 riva
576 2793 643 2834 voce
655 2778 690 2832 de
703 2793 751 2832 ore
763 2777 797 2832 ad
812 2793 845 2833 ns
855 2776 1005 2843 traductae;
1018 2777 1075 2833 imo
1089 2792 1170 2842 vcro,
1186 2777 1260 2848 qnod
1272 2791 1340 2848 prcc-

200 2866 314 2938 cipnnm
329 2877 387 2932 ost,
413 2885 449 2923 an
465 2869 570 2924 nnllins
587 2879 710 2924 ertemae
726 2867 901 2923 auctoritatis
916 2868 1087 2923 adminiculo
1102 2866 1224 2922 suffultae
1242 2865 1343 2923 luerint

201 2965 262 3012 tunt
279 2957 390 3030 religio,
410 2969 470 3014 turn
488 2960 548 3031 ipsa
568 2960 726 3031 Scriptura,
745 2974 820 3015 nnnc
837 2958 1043 3014 decernendum
1064 2959 1208 3014 habemus.

238 3047 274 3104 Ut
292 3046 321 3102 id
339 3063 371 3103 ea
396 3064 451 3119 qna
467 3065 517 3120 par
532 3059 576 3106 cst
595 3050 793 3122 perspicuitate
817 3065 944 3121 agamus,
968 3050 1053 3121 probe
1068 3048 1344 3106 animadvertendum

201 3137 305 3210 primo,
324 3139 439 3194 minime
456 3140 618 3210 permisceri
636 3155 718 3210 posse
734 3140 916 3210 questionem
936 3154 998 3209 quae
1011 3139 1084 3194 circa
1102 3141 1264 3194 traditiones
1280 3153 1346 3194 rer-

202 3237 281 3284 satur
292 3244 357 3284 cnm
373 3245 406 3285 ea
418 3244 481 3300 qnae
493 3231 670 3285 traditionem
685 3231 779 3284 ninom
793 3244 843 3284 sen
857 3229 1031 3285 auctoritatis
1049 3239 1170 3285 externae
1183 3228 1345 3284 institutum

202 3328 324 3392 spectat;
342 3321 403 3376 haec
419 3320 494 3375 enim
515 3319 588 3374 inter
604 3334 636 3374 se
652 3320 771 3374 multum
790 3319 958 3389 discrepant.

240 3410 319 3478 Quod
341 3419 373 3467 nt
392 3411 532 3467 neminem
550 3410 676 3483 elingiat,
698 3419 726 3466 et
746 3410 876 3481 qnoniam
890 3411 919 3464 in
938 3410 1022 3481 hujus
1035 3409 1208 3465 tractationis
1225 3408 1346 3464 decursu

203 3502 308 3574 saepins
323 3502 403 3558 nobis
419 3518 453 3558 cx
470 3502 538 3568 isto,
556 3501 630 3572 quod
649 3501 809 3565 innuimus,
831 3499 993 3555 discrimine
1010 3499 1257 3574 argumentandum
1277 3499 1342 3565 erit,

203 3592 266 3651 ideo
283 3593 329 3649 ltic
341 3593 410 3648 illud
429 3593 523 3665 paucis
535 3593 676 3648 declarare
693 3590 848 3647 consultius
861 3590 999 3646 ducimus.
1018 3591 1127 3663 ltaque,
1142 3589 1216 3662 qnod
1233 3589 1267 3644 ad
1283 3604 1344 3644 rem

203 3691 327 3739 nostram
348 3682 458 3747 attinet,
475 3682 578 3753 duplici
603 3682 709 3738 ratione
732 3683 850 3754 spectari
877 3691 969 3755 potest
988 3698 1041 3738 vor
1064 3682 1118 3738 ista
1142 3681 1256 3736 traditio
1273 3696 1282 3732 .·
1299 3679 1346 3735 vel

203 3772 279 3828 enim
298 3781 375 3829 notat
394 3773 483 3844 ipsam
502 3788 595 3828 rernm
611 3772 747 3828 divinitus
766 3774 950 3829 revelaturum
969 3773 1128 3829 continuam
1147 3787 1179 3828 ac
1197 3772 1259 3827 riva
1276 3786 1346 3827 voce

203 3862 358 3936 praestitam
369 3864 657 3929 communicationem
667 3866 710 3919 rel
727 3879 759 3921 eo
770 3864 903 3920 vocabulo
916 3880 972 3921 non
987 3864 1107 3936 amplius
1118 3862 1345 3930 communicatio,

204 3963 234 4010 at
250 3970 292 4009 rer
307 3954 508 4010 communicata
520 3955 697 4028 intelligitur,
714 3964 797 4027 atque
810 3956 848 4011 ita
861 3955 998 4030 significat
1014 3955 1089 4027 ipsas
1104 3956 1235 4011 veritates
1250 3952 1345 4024 Scrip-

205 4044 277 4101 turis
294 4060 348 4101 non
366 4043 519 4109 mandatas,
539 4045 588 4101 sed
606 4045 668 4101 viva
685 4061 752 4102 voce
768 4055 944 4102 conservatas
965 4054 993 4101 et
1009 4045 1134 4102 traditas.
1152 4044 1242 4101 Priori
1259 4058 1346 4099 seusu

205 4145 331 4208 accepta,
351 4136 461 4192 traditio
476 4137 600 4205 [ormotir
618 4144 647 4193 et
662 4136 812 4206 subjectiva
827 4135 960 4209 appellari
979 4145 1085 4208 potest;
1101 4135 1248 4209 posteriori
1265 4149 1344 4199 vero,

205 4227 357 4283 materialia
372 4235 396 4285 et
412 4227 555 4297 obiection·
571 4243 652 4298 porro
671 4227 695 4286 si
714 4228 841 4298 otjecttve
860 4237 1011 4300 spectatur,
1029 4227 1077 4286 uhi
1096 4229 1175 4298 plura
1195 4231 1345 4283 occurrunt
