3150 5160
344 352 383 411 11
503 365 542 408 nn
562 363 733 409 numerosus
754 349 832 409 aure
852 365 1003 410 cuarsruu
1024 358 1125 410 unruu
1147 362 1342 411 connrrronu.

340 512 386 570 Sic
405 510 494 582 (Hor.
512 507 593 582 xit)
613 509 784 582 Epiphanius
800 509 836 567 de
850 511 989 569 Dositheo
1004 510 1065 567 ait:
1087 510 1307 569 «Peritissiutus
1324 519 1385 568 erat
1401 510 1489 567 tradi-

339 603 461 668 tionum,
483 617 544 673 quae
564 599 721 657 tudaeorum
740 601 906 658 Deuteroses
924 610 991 658 sunt
1017 599 1074 674 (i).
1095 619 1110 652 r
1135 600 1176 658 Ex
1202 600 1368 673 Hieronymo
1394 608 1488 656 autem

339 694 474 751 discimus
501 700 576 748 tauta
603 691 767 748 auctoritate
794 692 957 749 traditiones
981 692 1055 763 apud
1079 690 1189 747 Judaeos
1211 691 1357 764 viguisse,
1384 700 1415 747 ut
1441 692 1488 747 rei

341 785 402 840 haec
421 798 476 839 una
495 781 628 848 iormuia,
646 780 786 853 Sapientes
804 784 894 838 nostri
910 783 1047 838 tradidere
1060 780 1125 855 11),
1140 796 1252 837 omnem
1271 782 1489 839 controversiam

342 872 418 928 illico
433 879 620 943 componeret.

377 961 434 1018 Nec
457 958 531 1016 dicat
554 958 619 1032 quis
640 959 737 1015 Patres
769 959 867 1016 crebro
895 957 1052 1016 ludaeorum
1084 958 1249 1016 traditiones
1268 960 1488 1031 quampiurimas

339 1052 460 1110 ludibrio
477 1051 624 1116 habuisse,
637 1059 665 1106 et
678 1050 781 1107 idcirco
794 1065 826 1106 ex
841 1051 965 1123 ipsorum
981 1050 1118 1106 sententia
1132 1051 1188 1105 vim
1206 1052 1312 1107 nuliam
1331 1052 1372 1107 cis
1384 1052 1487 1109 inesse.

340 1142 466 1198 Primum
483 1140 558 1196 enim
574 1138 728 1211 respondeo
747 1155 797 1195 nos
816 1155 871 1196 non
889 1140 1030 1211 inquirere
1049 1148 1143 1196 utrum
1161 1156 1263 1196 nec-ne
1280 1140 1409 1197 Patribus
1426 1158 1488 1213 pro·

340 1231 412 1287 iratae
421 1229 523 1286 inerint
536 1228 694 1286 iudaeorum
704 1227 868 1284 traditiones
878 1244 990 1296 omnes,
1004 1229 1054 1286 sed
1069 1245 1105 1286 an
1118 1245 1215 1286 eorum
1233 1245 1292 1287 aevo
1306 1231 1488 1287 traditionum

341 1321 491 1376 auctoritas
512 1319 584 1391 apud
607 1318 716 1375 ludaeos
741 1318 905 1390 perstiterit.
928 1317 1033 1374 Deinde
1057 1333 1123 1374 vero
1147 1319 1325 1375 vehementer
1346 1318 1489 1375 falleretur

342 1412 390 1484 qui
413 1411 477 1466 iiias
496 1410 525 1465 in
549 1409 711 1465 universum
735 1407 877 1464 damnatas
898 1423 914 1463 a
939 1407 1068 1464 Patribus
1090 1416 1215 1479 putarct;
1239 1408 1287 1462 alii
1311 1408 1418 1465 scilicet
1441 1423 1489 1465 eas

343 1499 487 1557 referendo
505 1497 713 1566 commendant,
739 1507 770 1554 ut
791 1498 927 1565 vidimus3
946 1498 995 1552 aiii
1020 1498 1101 1555 niodo
1121 1507 1229 1554 tantum
1252 1507 1490 1567 commemorant,

346 1592 427 1648 modo
447 1591 595 1649 nonnullas
607 1605 703 1646 earum
715 1588 847 1647 damnant
867 1598 916 1645 aut
927 1588 1030 1644 rident.
1046 1589 1081 1645 Et
1098 1604 1165 1645 sane
1181 1589 1261 1660 plura
1274 1588 1346 1644 inter
1360 1603 1406 1644 eas
1422 1603 1491 1660 quas

345 1691 478 1753 tanquam
503 1695 586 1752 puras
609 1679 745 1750 majorum
771 1678 934 1735 traditiones
955 1678 1043 1735 Judaei
1065 1679 1209 1735 venditant
1234 1693 1380 1735 occurrere
1405 1678 1491 1735 meris

346 1769 448 1827 tabuiis
468 1769 689 1826 adnumerandas
713 1769 777 1841 quis
797 1785 918 1841 unquam
942 1767 1100 1842 negaverit?
1119 1768 1172 1826 Sed
1195 1783 1262 1824 utun
1286 1767 1356 1824 iorte
1377 1783 1411 1825 eu
1427 1768 1491 1825 istis

347 1860 512 1918 commentis
527 1860 660 1916 adversus
677 1858 769 1930 ipsum
784 1857 964 1914 traditionum
977 1858 1145 1930 principium
1166 1857 1232 1929 quid
1250 1858 1379 1930 colligere
1390 1856 1491 1914 liceat?

346 1953 461 2010 Minime
476 1968 551 2009 vero.
571 1951 622 2005 Hic
640 1964 754 2020 nempe,
772 1957 803 2005 ut
816 1948 845 2003 in
861 1948 984 2015 caeteris,
1001 1949 1114 2004 tollatur
1127 1949 1245 2014 abusus,
1262 1955 1389 2004 servetur
1406 1962 1490 2015 usus;

347 2057 453 2114 neque,
470 2053 502 2097 ut
520 2055 629 2096 summa
648 2039 774 2106 inscitia,
797 2054 841 2094 me
857 2040 955 2095 saltem
973 2039 1082 2108 judice,
1101 2038 1241 2095 interdum
1261 2038 1374 2112 accidit,
1394 2038 1491 2093 curci

348 2132 437 2188 abusu
459 2129 610 2201 quidquam
635 2136 731 2184 contra
748 2126 836 2198 ipsius
857 2128 898 2183 rei
915 2131 1060 2186 veritatem
1080 2129 1274 2185 firmitatemvs
1292 2127 1442 2194 inseratur,
1462 2128 1492 2184 id

349 2236 468 2292 namque
482 2236 537 2276 nou
556 2219 610 2275 nisi
631 2217 702 2275 tardi
716 2217 820 2292 ingenii
839 2233 872 2273 ac
891 2219 1010 2275 sanioris
1023 2220 1134 2276 critices
1153 2219 1310 2292 regularum
1328 2218 1414 2274 nescii
1430 2233 1494 2274 esse

349 2320 449 2383 potest.
463 2309 534 2377 outa
550 2307 643 2366 enim?
661 2309 720 2376 dn,
741 2325 849 2381 quaeso,
869 2325 951 2366 usum
970 2326 1026 2368 non
1045 2309 1177 2382 supponit
1192 2306 1315 2367 abusus?
1334 2309 1430 2365 Nonae
1445 2308 1493 2364 irie

349 2401 398 2458 iilo
418 2400 555 2472 posterior
575 2400 613 2456 sit
634 2414 748 2455 necesse
770 2397 831 2455 cst?
855 2399 952 2456 Nonne
979 2401 1063 2474 igitur
1084 2401 1173 2473 ipsius
1195 2401 1251 2468 rei,
1273 2415 1327 2471 qua
1351 2399 1494 2468 abutitur,

349 2491 509 2549 tirmitatem
521 2490 612 2563 arguit
629 2486 750 2546 abusus?
764 2489 858 2561 itaque
875 2498 984 2547 tantum
997 2493 1075 2548 abest
1088 2501 1120 2548 ut
1140 2507 1175 2548 ex
1187 2491 1420 2548 abusuadversus
1432 2507 1498 2549 remv

349 2580 479 2653 quopiam
495 2589 575 2653 pacto
592 2579 632 2635 ias
649 2579 686 2636 sit
697 2579 898 2653 argumentari,
915 2589 1058 2638 utcontra
1075 2596 1110 2637 ex
1126 2581 1186 2654 ipso
1206 2582 1247 2637 rei
1265 2582 1295 2638 iu
1313 2597 1345 2639 se
1364 2591 1500 2654 spectatae

348 2671 453 2729 veritas
470 2669 702 2742 deprehendatur.
1271 2728 1275 2733 .
1495 2695 1498 2699 ι

385 2760 465 2829 Quod
480 2761 504 2817 si
518 2762 576 2816 haec
591 2758 625 2815 ad
641 2774 702 2814 eam
726 2773 809 2830 quam
824 2756 1003 2830 potissimum
1016 2761 1124 2834 sputus
1138 2760 1322 2833 quaestionem
1339 2775 1495 2819 accommo-

348 2851 473 2920 daveris,
486 2852 558 2909 nihii
576 2858 616 2918 te,
631 2859 662 2907 ut
676 2850 787 2922 opinor,
802 2849 952 2906 movebunt
964 2851 1053 2908 aniles
1071 2850 1170 2907 fabulae
1184 2851 1287 2923 quibus
1302 2859 1410 2907 scatent
1429 2848 1495 2905 liirri

349 2946 539 3011 Thalmudici;
554 2945 610 3003 imo
629 2961 695 3002 vero
714 2953 876 3018 argumento
893 2940 944 2998 tibi
961 2950 1044 2997 erunt
1062 2941 1176 2999 curisti
1193 2957 1275 3013 quam
1296 2939 1378 2997 modo
1395 2940 1501 2996 certis-¹

351 3035 432 3092 simis
449 3036 617 3092 communivi
637 3034 848 3107 probationibus
870 3031 1014 3088 sententiae
1028 3032 1136 3089 tirmius
1149 3032 1300 3099 inhaereas,
1319 3029 1494 3102 quandoqui-

351 3125 416 3181 dem
432 3124 570 3197 ejusmodi
595 3132 766 3189 commenta,
792 3121 972 3194 quantumvis
994 3130 1154 3193 portentosa
1172 3120 1289 3188 inerint,
1315 3121 1421 3175 nuliam
1436 3118 1495 3174 vim

352 3215 476 3271 nancisci
489 3215 660 3286 potuissent,
675 3213 729 3269 uisi
744 3229 807 3269 esse
821 3228 904 3268 roras
917 3210 1080 3268 traditiones
1096 3227 1166 3285 gens
1178 3210 1310 3265 universa
1322 3207 1497 3264 credidisset.

352 3305 426 3362 Fieri
443 3314 537 3361 autem
553 3305 650 3376 nequit
668 3313 699 3359 ut
714 3303 834 3374 populus
845 3301 990 3373 judaicus,
1005 3300 1097 3356 iudea
1114 3298 1300 3356 remotissima
1316 3297 1495 3368 antiquitate,

352 3395 451 3466 quovis
470 3410 541 3462 aero,
555 3410 618 3451 esse
631 3394 739 3451 divinas
756 3392 921 3449 traditiones
938 3392 1036 3463 eisque
1052 3391 1108 3447 vim
1124 3391 1218 3446 inesse
1236 3388 1385 3444 maximam
1398 3387 1496 3443 existi·

352 3484 484 3551 marerit,
498 3484 565 3557 quin
579 3485 637 3541 haec
651 3500 706 3548 sna⁴
719 3483 857 3539 sententia
872 3498 889 3538 a
906 3481 981 3538 ionte
996 3481 1089 3538 divino
1111 3479 1273 3537 manaverit.

388 3575 527 3634 Caeterum
549 3575 573 3632 si
590 3591 623 3632 ea
638 3590 700 3648 quae
715 3575 850 3630 hactenus
867 3574 895 3628 in
912 3573 983 3628 hanc
999 3588 1059 3628 rem
1076 3573 1156 3627 attuli
1177 3576 1338 3642 argumenta
1351 3582 1407 3622 non
1427 3565 1496 3622 satis

352 3681 491 3739 superque
503 3663 673 3732 sufficerent,
684 3664 803 3737 piurima
816 3663 880 3718 novi
892 3660 1062 3718 Testamenti
1075 3660 1135 3716 loca
1147 3658 1328 3724 adducerem,
1347 3656 1376 3712 in
1390 3655 1495 3726 quibus

386 3854 429 3916 (1)
447 3850 609 3920 Δωτιρωσεσι
621 3869 646 3903 τε
655 3866 709 3909 ταις
720 3850 778 3920 παρ’
790 3847 886 3906 αὐτοις.
902 3854 964 3898 tom.
976 3847 1001 3908 1,
1015 3863 1041 3914 p.
1055 3849 1098 3908 50,
1110 3843 1150 3895 ed.
1167 3842 1246 3895 Paris.
1260 3845 1334 3892 1611.
1353 3838 1392 3890 Gi.
1410 3842 1498 3893 itoercs.

353 3934 464 3994 111111111,
479 3953 504 4002 p.
518 3940 576 3986 111.

377 4015 434 4082 ’(1)
452 4015 525 4068 Teste
545 4017 583 4066 Gi.
605 4014 701 4077 Drach,
720 4013 832 4067 formula
851 4012 905 4063 haec
925 4008 953 4063 in
974 4008 1115 4062 Thalmude
1137 4006 1228 4075 saepius
1249 4005 1376 4066 occurrit,
1399 4003 1501 4072 ipsique

353 4100 393 4150 ris
408 4097 474 4150 inest
483 4098 626 4166 cujuspiam
640 4096 829 4165 disceptationis
849 4091 1028 4161 transigendae.
1048 4091 1232 4156 Hieronymum
1255 4087 1324 4156 quod
1343 4088 1448 4145 attinet,
1461 4085 1500 4134 ct.

354 4184 433 4245 Epist.
446 4185 479 4232 od
489 4183 586 4245 dipsa,
598 4197 653 4248 opp.
667 4188 728 4234 tom.
742 4181 763 4244 i,
778 4196 804 4247 p.
819 4181 883 4241 883,
896 4179 960 4239 881,
971 4174 1011 4228 ed.
1027 4172 1146 4226 Valiarsii
1155 4201 1187 4212 -
1197 4172 1257 4227 item
1266 4179 1328 4226 tom.
1341 4171 1387 4234 111,
1400 4186 1427 4239 p.
1440 4173 1500 4231 111,

354 4271 415 4314 tom.
433 4264 477 4325 IV,
492 4280 516 4330 p.
536 4266 591 4313 115.
