3150 5160
396 372 434 414 DE
455 369 595 415 seclusit
616 369 747 414 boeotos
768 370 958 414 INFORMANTE
980 371 1017 414 hc
1037 370 1183 416 REGENTE.
1300 360 1359 420 187

212 517 327 588 aliaque
348 516 377 572 id
401 533 488 590 genus
514 518 602 573 multa
627 532 688 587 quae
714 517 787 571 Deus
800 515 875 571 baud
897 515 965 573 satis
985 516 1148 574 celebranda
1170 517 1361 578 misericordia

211 605 324 662 homiui
338 606 432 679 largiri
445 607 603 674 consuevit,
617 606 645 662 in
661 605 784 662 Ecclesia
798 616 949 662 occurrunt
966 607 1089 675 exterm,
1108 617 1190 679 pmut
1203 611 1361 680 postulabat

210 711 349 768 corporea
378 698 501 754 hominis
523 706 635 765 natura,
659 706 741 769 atque
770 696 904 752 uberrimi
931 697 1082 770 gratiarum
1107 697 1208 754 sontes.
1235 700 1361 758 Plurima

208 804 318 860 nempe
331 790 464 846 Dominus
477 789 600 846 instituit
613 796 801 854 sacramenta,
816 787 918 859 quibus
931 787 1142 844 imbecilliorem
1155 787 1359 861 discipulorum

208 878 388 935 voluntatem
401 878 539 951 inprimis
551 878 693 933 roboraret
708 893 811 948 eosque
824 877 1017 934 invirtutibus
1034 878 1234 949 persequendis
1246 880 1361 950 expedi-

208 978 259 1025 tos
273 977 301 1024 et
325 969 430 1025 alacres
453 967 585 1035 efficeret3
600 983 662 1039 quae
689 967 835 1039 quoniam,
850 978 881 1024 ut
900 969 1006 1040 reliqua
1032 968 1176 1042 religionis
1202 969 1305 1040 capita,
1329 971 1363 1029 in

209 1058 340 1114 Ecclesia
353 1068 431 1125 sunt,
451 1059 498 1114 illa
512 1074 566 1114 una
589 1074 653 1114 cum
675 1057 801 1113 doctrina
821 1075 871 1129 pro
891 1075 922 1114 ea
941 1075 995 1131 qua
1020 1059 1105 1130 pollet
1126 1060 1262 1131 sapientia
1292 1059 1364 1118 titiis.

211 1148 341 1220 impertit
358 1165 434 1220 :quo
447 1149 477 1204 lit
492 1157 521 1205 ut
539 1147 652 1205 tandem
665 1148 723 1218 ipsa
739 1147 822 1204 finem
837 1149 890 1206 sibi
905 1165 920 1205 a
934 1148 1043 1206 Christo
1057 1151 1240 1206 constitutum
1261 1166 1360 1207 conse·

209 1246 317 1309 quatur
330 1238 513 1309 hominesque
525 1254 591 1294 vere
610 1238 764 1304 instauret,
788 1239 853 1310 qui,
875 1248 905 1294 ut
925 1239 1076 1310 loquuntur
1098 1237 1263 1311 Scripturas,
1281 1255 1358 1296 novae

210 1327 375 1385 efficiuntur
397 1340 540 1385 creaturae.

251 1419 338 1476 Porro
350 1419 476 1475 homiues
489 1420 530 1474 illi
549 1420 602 1475 hac
613 1418 719 1474 ratione
732 1417 856 1473 renovati
867 1433 1040 1490 nequaquam
1053 1418 1101 1473 alii
1112 1418 1146 1473 ab
1158 1417 1222 1474 aliis
1236 1417 1356 1489 sejuncti

210 1525 245 1565 ac
258 1510 378 1581 separati
392 1518 515 1574 exstant,
531 1511 579 1566 sed
597 1525 685 1565 unum
700 1524 800 1579 corpus
823 1516 888 1564 sunt
910 1507 990 1579 cujus
1009 1516 1102 1580 partes
1119 1508 1235 1582 singulae
1254 1508 1359 1580 optime

212 1599 362 1655 cohaerent.
393 1599 464 1655 Hinc
483 1600 631 1655 inmundo
649 1599 738 1654 oritur
758 1596 906 1668 peculiaris
919 1599 1044 1668 quaedam
1065 1597 1212 1654 societasa
1231 1598 1308 1654 civili
1327 1597 1357 1654 iu

212 1705 267 1760 qua
290 1698 419 1747 versatur
438 1691 520 1760 plane
535 1690 660 1754 diversa,
687 1703 748 1759 quae
764 1686 851 1743 veluti
871 1685 965 1743 divina
983 1688 1013 1743 in
1040 1688 1122 1744 terris
1134 1687 1234 1745 civitas
1257 1689 1356 1746 haberi

213 1787 315 1850 potest.
335 1778 514 1836 Auctoritatis
529 1789 623 1835 autem
635 1794 689 1849 qua
706 1794 738 1833 ea
751 1777 850 1834 civitas
866 1777 1032 1834 informatur
1043 1794 1076 1834 ac
1095 1779 1202 1852 regitur
1228 1780 1357 1853 organis-

213 1885 289 1925 mum
308 1885 393 1941 supra
410 1869 621 1926 declaravimus.
635 1869 725 1940 Atque
738 1884 825 1940 quum
844 1867 935 1924 omnis
952 1867 1070 1924 societas
1086 1867 1146 1925 suis
1161 1876 1273 1942 regatur
1288 1868 1358 1942 legi·

212 1958 280 2026 bus,
295 1974 360 2015 suas
370 1974 435 2032 ergo
447 1960 547 2015 habeat
556 1974 666 2031 quoque
675 1974 791 2015 necesse
803 1967 846 2015 est
855 1958 949 2014 divina
963 1958 1074 2025 civitas,
1084 1957 1187 2029 quibus
1200 1957 1292 2014 omnia
1302 1959 1357 2016 rite

213 2056 241 2105 et
250 2049 348 2105 ordine
365 2050 562 2120 disponantur,
577 2049 798 2121 uniuscujusque
809 2049 872 2121 jura
883 2056 911 2105 et
926 2046 1014 2104 officia
1033 2047 1218 2115 deliniantur,
1234 2063 1268 2103 ac
1285 2063 1356 2105 suus

212 2138 313 2210 cuique
328 2140 406 2196 locus
420 2140 568 2196 tribuatur.
579 2139 669 2211 Atque
681 2140 720 2194 ita
738 2140 851 2195 demum
867 2139 948 2210 plene
960 2138 1082 2195 exterius
1095 2139 1224 2210 proditur
1244 2155 1356 2196 sacrum

212 2227 280 2284 illud
294 2230 455 2286 institutum
469 2232 571 2302 quoda
584 2228 695 2286 Christo
714 2230 856 2286 conditum
869 2229 1011 2296 vidImus3
1035 2229 1074 2284 ita
1088 2228 1182 2285 divina
1201 2230 1354 2297 revelatio,

211 2318 284 2389 quod
302 2318 464 2376 hominibus
486 2320 618 2386 traditur,
640 2330 784 2377 externam
808 2319 928 2376 induens
947 2319 1078 2384 sormam,
1101 2319 1249 2391 perlectam
1272 2327 1356 2393 atque

211 2407 336 2464 numeris
359 2408 489 2465 omuibus
508 2410 646 2480 expletam
671 2409 759 2484 giguit
777 2409 937 2466 societatem
959 2425 1020 2480 quae
1036 2409 1130 2466 divina
1154 2409 1239 2465 simul
1260 2417 1288 2466 et
1301 2410 1354 2465 hu·

211 2513 291 2554 mana
306 2509 451 2570 appareat,
470 2515 587 2572 quaeque
603 2499 714 2572 penitus
732 2499 835 2556 divinae
849 2514 882 2554 ac
903 2498 1027 2554 coelestis
1048 2498 1125 2555 illius
1147 2498 1304 2564 societatis,
1324 2498 1354 2556 in

210 2586 291 2657 cujus
314 2588 417 2643 civium
436 2605 551 2645 numero
573 2589 673 2647 deinde
698 2606 796 2647 sumus
820 2588 965 2655 censendi,
991 2586 1165 2643 adumbratio
1191 2588 1295 2660 pariter
1320 2603 1355 2645 ae

210 2675 382 2731 vestibulum
401 2676 513 2731 existat.

247 2762 327 2830 Quod
343 2763 367 2818 si
381 2779 455 2819 nunc
467 2781 531 2820 cum
544 2764 597 2821 bac
613 2767 747 2823 catholica
766 2765 952 2823 institutionis
974 2764 1104 2822 methodo
1117 2773 1201 2838 atque
1221 2766 1357 2838 praeclaro.

209 2854 264 2911 isto
281 2851 441 2909 christianae
458 2854 600 2927 religionis
611 2854 725 2912 aedilicio
740 2856 998 2926 protestantismum
1015 2856 1185 2922 contuleris,
1204 2871 1287 2930 quam
1304 2873 1354 2912 ou-

209 2944 270 3010 dis‚
284 2940 412 2999 inlormis
427 2951 455 2999 et
467 2944 501 2999 ab
512 2945 588 3000 omni
602 2945 745 3019 religionis
762 2961 840 3017 aeque
853 2961 886 3002 ac
901 2945 1041 3003 societatis
1055 2946 1148 3003 indole
1161 2947 1314 3004 abhorrens
1327 2947 1354 3004 is

211 3031 387 3090 exhibeatur!
404 3032 475 3100 Quid
491 3031 584 3088 enimi
596 3035 667 3091 Dum
687 3035 822 3092 catholica
836 3036 960 3093 Ecclesia
973 3036 1234 3108 perbelleobsecuta
1247 3045 1355 3093 naturae

210 3123 319 3196 legibus
332 3123 472 3179 bominem
485 3125 519 3179 ab
530 3124 697 3181 incunabulo
710 3124 824 3197 excipit,
839 3124 997 3182 instituitet
1010 3140 1092 3197 porro
1104 3125 1245 3182 docereac
1256 3143 1354 3201 regere

211 3214 318 3287 pergit,
330 3230 391 3285 quae
411 3214 455 3271 via
472 3215 699 3287 protestantismo
719 3215 838 3272 ineunda
851 3215 921 3273 loret
935 3217 960 3272 si
973 3216 1027 3272 sibi
1041 3216 1123 3288 plane
1133 3220 1294 3274 constaret?
1318 3218 1351 3273 ln

211 3301 374 3358 memoriam
394 3304 535 3376 paulisper
548 3319 660 3360 revoces
679 3320 740 3375 quae
762 3304 797 3360 de
819 3321 852 3361 eo
865 3321 919 3377 quo
947 3305 1120 3363 fundamenti
1138 3308 1227 3363 instar
1252 3306 1353 3362 nititur

211 3393 348 3465 principio
362 3396 491 3466 superius
504 3395 686 3452 tradidimus:
701 3395 730 3450 in
743 3394 796 3451 hoc
812 3405 906 3451 autem
928 3396 1013 3452 situm
1027 3411 1089 3452 esse
1101 3396 1222 3452 vidimus
1241 3395 1352 3452 exitiale

211 3483 288 3540 istud
301 3484 483 3556 principium,
495 3495 526 3542 ut
535 3495 639 3543 statuat
651 3487 756 3542 nullam
766 3487 984 3543 auctoritatema
997 3484 1107 3543 Christo
1118 3486 1256 3543 conditam
1268 3497 1352 3559 atque

211 3575 279 3630 adeo
295 3574 437 3630 neminem
450 3576 505 3631 sibi
527 3593 630 3633 munus
649 3593 777 3652 arrogare
791 3593 873 3650 posse
891 3577 960 3634 alios
977 3577 1006 3633 in
1024 3594 1089 3634 vera
1105 3577 1209 3634 Christi
1226 3579 1352 3636 doctrina

211 3662 389 3733 instituendi,
404 3665 452 3721 sed
465 3681 602 3737 quemque
620 3669 674 3724 sibi
687 3668 919 3738 permittendum,
932 3678 976 3736 ut,
993 3669 1167 3743 interpositis
1183 3669 1350 3743 ScripturiS,

210 3771 272 3827 quae
281 3755 424 3829 religionis
437 3765 501 3812 suut
514 3757 574 3829 ipse
586 3756 708 3828 inquirat
718 3773 750 3812 ac
759 3770 869 3831 reperta
880 3759 995 3831 judicet.
1004 3759 1099 3816 Stante
1112 3760 1197 3834 igitur
1210 3760 1260 3816 bac
1274 3760 1349 3837 lege,

211 3861 327 3916 prorsus
341 3847 449 3902 tollitur
459 3846 489 3900 in
502 3846 645 3920 religionis
659 3847 767 3920 negotio
783 3847 969 3906 institutionis
982 3859 1065 3920 atque
1078 3849 1253 3906 auctoritatis
1265 3853 1347 3909 ratio.

213 3936 285 3992 Hinc
298 3936 322 3991 si
335 3951 429 3992 secum
440 3952 562 4010 pugnare
575 3939 964 4009 nolueritprotestantismus,
977 3952 1013 3992 an
1026 3936 1096 3993 lorte
1107 3938 1247 4009 juniorem
1260 3940 1350 3996 homi-

211 4024 257 4081 uis
271 4026 395 4081 animum
413 4025 533 4099 benigne
545 4035 727 4099 suscepturus
750 4034 793 4082 est
814 4027 997 4097 eumdemque
1019 4027 1162 4100 religionis
1187 4029 1350 4087 christiane

211 4113 322 4171 decreta
343 4115 510 4172 edocturus?
529 4117 642 4173 Minime
658 4132 725 4173 vero
741 4117 789 4173 :id
813 4126 888 4174 vetat
906 4132 1036 4188 suprema
1054 4117 1271 4177 individualismi
1289 4119 1347 4184 lex,

212 4220 295 4276 quarn
317 4205 372 4263 nisi
390 4221 426 4263 ex
441 4213 498 4263 toto
520 4207 688 4274 servaveris,
702 4222 718 4262 a
731 4206 952 4279 protestantismi
969 4208 1072 4267 finibus
1088 4207 1241 4267 recessisti.
1261 4207 1349 4265 llomo

212 4307 276 4366 ergo
290 4294 344 4350 iste
356 4295 404 4366 qui
418 4311 474 4368 prae
487 4304 567 4354 aetate
587 4295 769 4356 imbecilliore
782 4299 917 4359 hacteuus
936 4312 1029 4360 niente
1042 4301 1179 4368 cernitur,
1193 4297 1247 4357 sihi
1262 4297 1348 4356 relin-
