3166 5168
410 372 448 416 na
469 369 623 416 scurrrun.
645 365 795 412 noemma
815 363 852 408 m
873 362 1159 408 rnrnnrnamrronc.
1297 348 1356 408 aot

213 537 248 576 ac
270 518 406 576 absurdus
429 518 572 573 existeret.
596 513 675 583 Quod
698 512 722 568 si
745 513 812 578 hoe,
835 511 896 581 qul,
917 524 1025 581 quaeso,
1049 509 1090 566 las
1110 517 1184 565 essct
1203 506 1358 580 Scripturas

217 608 392 681 interpretari
415 617 511 662 contra
536 621 599 660 eum
621 617 734 660 sensum
755 616 837 671 quem
856 601 946 655 tenuit
964 609 992 654 et
1009 609 1086 655 tenet
1104 597 1245 654 Ecclesia?
1262 600 1360 656 Nonne

218 698 277 771 pari
295 697 359 767 jure
377 711 409 751 ac
428 696 536 751 ratione
554 693 643 750 cuivis
661 692 798 765 integrum
819 705 880 745 esse
893 689 1006 744 deberet
1023 691 1106 744 Deum
1123 689 1152 742 in
1165 689 1255 745 varias
1268 701 1359 761 partes

218 789 328 843 trabere
345 796 427 857 atque
445 785 482 840 ita
502 785 590 840 Deum
607 784 661 838 beo
673 778 828 854 opponerc‘l

257 878 311 934 Sed
344 877 461 932 ulterius
504 874 721 949 progrediamur.
758 871 883 944 Spectata
910 885 974 944 ergo
1003 869 1136 924 doctrinae
1161 869 1306 940 qualitate,
1332 869 1361 924 in

218 976 347 1040 promptu
361 968 415 1038 jam
434 975 477 1020 est
490 975 607 1029 rectam,
627 965 695 1034 quin
716 972 743 1018 et
758 960 941 1016 necessariam
962 973 1024 1013 csse
1038 958 1161 1030 regulam
1174 973 1190 1010 a
1205 957 1364 1013 Tridentina

219 1057 321 1130 synodo
344 1070 512 1126 expressam.
533 1053 635 1108 Verum
659 1051 812 1123 expeditior
834 1066 866 1105 ac
886 1048 1049 1104 illustratior
1070 1063 1115 1103 res
1128 1047 1238 1112 existet,
1261 1046 1285 1102 si
1308 1063 1362 1103 non

220 1147 380 1219 qualitatem
401 1146 496 1212 modo,
518 1142 567 1198 scd
588 1152 615 1198 et
632 1143 813 1214 quantitatem
828 1149 855 1195 et
869 1139 983 1194 sormam
996 1138 1129 1194 doctrinae
1142 1139 1305 1211 respexeris.

258 1237 330 1304 Quid
354 1233 447 1291 euim?
466 1234 554 1305 Supra
569 1233 751 1289 constitutum
771 1239 813 1286 est
827 1229 984 1284 universam
996 1227 1097 1282 dirime
1110 1228 1286 1283 revelationis
1298 1228 1362 1284 doc-

220 1327 322 1382 trinam
343 1325 370 1379 in
390 1323 513 1380 Ecclesia
532 1324 623 1379 inesse
642 1333 724 1394 atque
742 1321 780 1376 ibi
800 1334 971 1390 nequaquam
993 1327 1023 1374 ut
1041 1327 1197 1373 emortuum
1211 1318 1278 1389 quid
1296 1334 1363 1374 con·

222 1418 307 1491 spici,
322 1417 371 1473 sed
392 1417 497 1482 vivam,
512 1415 676 1481 animatam,
694 1421 826 1485 perpetuo
840 1421 995 1475 actuosam,
1011 1418 1039 1465 et
1051 1419 1194 1482 propterea
1212 1410 1313 1465 claram
1332 1426 1364 1466 ac

222 1510 397 1581 perspicuam
410 1522 485 1572 esse;
499 1505 528 1560 in
548 1505 689 1575 Scriptura
707 1510 798 1558 autem
819 1517 874 1557 non
892 1502 1069 1566 universam,
1090 1503 1208 1558 maxime
1224 1518 1288 1559 vero
1308 1519 1363 1559 nou

222 1601 261 1655 ita
273 1608 410 1670 apertam,
424 1613 509 1653 sensu
524 1595 630 1650 scilieet
644 1593 772 1665 superius
785 1593 940 1658 declarato,
955 1606 986 1646 ac
1002 1591 1109 1646 facilem
1124 1608 1277 1648 occurrere.
1288 1592 1363 1660 Quo-

221 1691 294 1746 circa
316 1689 350 1744 ad
370 1687 506 1744 doctrinae
524 1683 706 1757 quantitatem
726 1692 754 1738 et
770 1682 884 1738 lormam
906 1681 978 1752 quod
997 1682 1110 1749 attinet,
1127 1684 1245 1738 multum
1264 1683 1363 1739 discri-

222 1779 307 1835 minis
327 1777 475 1833 intercedit
489 1774 660 1846 Scripturam
673 1773 747 1828 inter
763 1781 790 1828 et
807 1771 972 1839 Ecclesiam;
994 1787 1048 1842 quo
1065 1771 1095 1827 tit
1114 1781 1145 1828 ut
1163 1773 1211 1827 illa
1232 1773 1294 1828 sinc
1312 1773 1363 1828 bac

223 1878 298 1926 recte
317 1867 436 1940 intelligi
455 1881 509 1920 nou
523 1873 627 1936 posset.

260 1960 294 2014 Et
307 1974 372 2016 vero
388 1956 440 2013 etsi
454 1955 557 2011 codicis
570 1955 663 2027 legum
677 1969 753 2009 more
767 1969 799 2009 eo
811 1952 926 2008 consilio
938 1953 1055 2008 conditae
1068 1953 1187 2011 luissent
1200 1955 1364 2028 Scriptura,

222 2060 253 2105 ut
267 2049 358 2107 omnia
374 2056 402 2103 et
421 2045 576 2102 clarissimo
589 2061 643 2115 quo
656 2043 716 2098 lieri
736 2043 825 2115 possit
843 2043 924 2098 modo
943 2043 1042 2098 divinae
1060 2044 1236 2102 revelationis
1255 2046 1365 2103 decreta

221 2139 381 2212 proderent,
395 2137 429 2194 ob
443 2152 502 2191 eam
516 2145 608 2191 tamen
625 2134 740 2190 sormam
759 2149 842 2205 quam
863 2133 1021 2189 necessario
1038 2150 1094 2205 prae
1115 2151 1145 2190 se
1160 2135 1252 2191 serunt
1268 2137 1365 2207 quaeli-

223 2232 270 2286 bet
289 2230 407 2301 scripta,
421 2243 491 2299 opus
509 2226 592 2281 etiam
611 2224 711 2280 luisset
724 2224 833 2278 illarum
851 2223 1105 2294 interpretationem
1123 2226 1232 2298 exigere
1250 2226 1284 2281 ad
1301 2243 1365 2283 nor-

224 2336 296 2374 mam
320 2333 419 2374 sensns
443 2316 643 2380 traditionalis,
672 2314 752 2384 eujus
774 2329 902 2386 germana
928 2328 960 2368 ac
985 2313 1141 2371 indubitata
1162 2318 1304 2387 expressio
1329 2317 1364 2373 ab

224 2407 348 2463 Ecclesia
365 2405 500 2462 divinitus
519 2403 648 2458 instituta
666 2402 830 2473 requirenda
844 2402 956 2471 suisset;
976 2423 991 2456 <r
1005 2419 1054 2476 per
1073 2421 1249 2476 sanamque,
1265 2416 1295 2462 ut
1314 2423 1364 2478 op-

224 2498 290 2554 time
308 2497 447 2568 eloquitur
465 2495 543 2551 Plato
559 2489 620 2566 (l),
636 2492 773 2563 scriptura
793 2501 869 2547 muta
886 2502 941 2558 est,
963 2509 1033 2559 nee,
1054 2496 1078 2550 si
1098 2495 1295 2568 interrogetur,
1316 2512 1364 2552 ex-

224 2587 403 2661 plicationem
427 2586 544 2657 prodere
566 2593 669 2656 potest,
694 2599 759 2650 nec,
784 2584 808 2637 si
823 2584 1015 2656 impugnetur,
1035 2595 1122 2641 semet
1141 2588 1229 2654 tueri;
1255 2604 1365 2661 semper

224 2677 278 2747 ipsi
298 2676 384 2746 patris
406 2674 508 2728 auxilio
526 2689 596 2744 opus
618 2682 688 2728 est»
707 2688 872 2728 :sacrarum
894 2683 986 2729 autem
1006 2673 1210 2746 Scripturarnm
1231 2687 1308 2748 pater
1322 2689 1365 2735 est

226 2764 347 2835 Spiritus
361 2773 473 2819 sanctus
486 2779 534 2835 per
553 2763 713 2819 Ecclesiam.
729 2762 901 2835 Quapropter
914 2765 1039 2834 quamvis
1057 2766 1176 2821 indolem
1191 2783 1254 2823 mox
1267 2769 1365 2824 defini·

225 2863 280 2909 tam
294 2853 431 2908 referrent
445 2852 609 2924 Scriptura,
620 2852 803 2908 nihilominus
817 2853 981 2909 consisteret
990 2855 1144 2911 Tridentini
1155 2872 1252 2913 canon.
1263 2858 1365 2914 Verum

226 2943 298 3014 quod
321 2942 355 2997 ad
373 2941 475 2997 lactum
493 2952 610 3015 spectat,
631 2943 717 2999 multo
735 2942 816 2998 aliter
833 2944 959 2998 habetur.

263 3030 399 3099 Quoniam
425 3031 509 3104 igitur
533 3033 668 3100 Ecclesia,
696 3050 757 3104 quae
781 3034 851 3088 nibil
878 3034 953 3089 aliud
976 3043 1019 3090 cst
1044 3051 1127 3106 quam
1153 3036 1212 3108 ipsa
1234 3040 1366 3096 revelatio

226 3138 310 3178 carne
338 3132 365 3177 et
384 3123 518 3195 sanguine
537 3124 666 3193 praedita,
687 3123 812 3179 eamdem
832 3125 902 3179 hanc
924 3124 1077 3199 integram,
1096 3127 1187 3183 vivam
1207 3145 1240 3184 ac
1259 3132 1366 3203 perspi-

226 3230 305 3270 cuam
328 3215 357 3269 in
380 3230 410 3269 se
424 3213 510 3289 gerit,
535 3213 633 3286 quidni
653 3216 847 3286 prohiberetur
869 3231 904 3271 ne
926 3215 954 3270 in
978 3217 1150 3288 explananda
1171 3218 1311 3290 Scriptura
1333 3223 1367 3277 ab

228 3304 275 3358 illa
291 3306 335 3360 vel
354 3305 441 3359 latum
456 3319 577 3377 unguem
598 3303 744 3374 quisquam
766 3303 893 3360 recedat?
913 3304 1083 3373 Quinetiam
1102 3324 1193 3363 nonne
1212 3310 1282 3365 ratio
1301 3326 1366 3381 pos-

227 3394 298 3448 tulat
318 3403 362 3460 ut,
379 3395 403 3449 si
426 3395 536 3466 quando
555 3395 584 3449 in
604 3394 715 3466 seriptis
737 3394 906 3466 quibuslibet
925 3394 1094 3466 exponendis
1114 3395 1268 3453 offendatur
1289 3399 1367 3456 locus

227 3485 370 3541 obscurior
389 3500 420 3538 ac
442 3485 585 3540 intellectu
608 3484 758 3551 difficilior,
781 3493 945 3551 evocentur,
968 3485 992 3539 si
1016 3501 1076 3556 quae
1098 3485 1167 3553 sint,
1194 3485 1253 3542 loca
1279 3491 1367 3564 magis

228 3576 374 3649 perspicua
387 3575 533 3645 exquibus
546 3575 594 3628 lux
607 3576 729 3631 tenebris
743 3571 872 3630 accedat?
888 3572 923 3628 m
935 3589 1001 3630 vero
1019 3591 1101 3645 quam
1121 3576 1255 3648 plurima,
1276 3588 1307 3634 ut
1325 3580 1367 3636 vi-

228 3667 342 3732 dimus,
360 3665 389 3720 in
411 3664 498 3720 sacris
521 3664 622 3719 litteris
643 3675 793 3721 occurrunt
812 3665 944 3721 doctrinae
960 3666 1086 3721 revelatae
1106 3668 1195 3738 capita
1213 3669 1367 3726 subobscu-

229 3755 288 3811 rius
307 3753 426 3818 tradita,
446 3754 546 3825 saepius
567 3768 622 3808 uno
646 3755 767 3810 alterove
789 3757 920 3812 vocabulo
942 3757 1131 3824 subindicata,
1150 3773 1212 3829 quae
1236 3761 1368 3831 quoniam

230 3847 309 3917 plana
324 3853 352 3900 ct
368 3853 462 3916 aperta
481 3843 510 3897 in
528 3843 651 3898 Ecclesia
663 3843 860 3914 reperiuntur,
880 3845 1010 3919 efflagitat
1022 3846 1093 3903 ratio
1107 3857 1138 3903 ut
1149 3849 1271 3905 Ecclesia
1286 3851 1368 3907 adea-

230 3943 291 4002 tur,
305 3944 387 4006 atque
399 3933 433 3989 ad
447 3933 508 4004 ejus
521 3933 675 3989 doctrinam
688 3932 765 3989 velut
782 3935 817 3989 ad
836 3934 940 4007 lydium
961 3935 1080 4007 lapidem
1100 3935 1148 3990 illa
1168 3940 1367 4010 expendantur.

267 4027 402 4082 Praeterea
421 4025 455 4079 ab
469 4025 528 4096 ipsa
541 4024 664 4080 Ecclesia
682 4033 774 4081 ortum
792 4024 898 4080 ducunt
914 4024 1061 4096 Scripturae
1076 4043 1082 4079 :
1098 4026 1157 4083 sive
1174 4029 1248 4084 enim
1265 4028 1370 4099 veteris

230 4114 289 4170 sive
308 4115 371 4170 nori
391 4115 560 4170 Testamenti
578 4114 664 4174 libros
681 4124 809 4189 spectes,
826 4115 844 4171 ii
859 4131 954 4172 omnes
971 4131 987 4172 a
1007 4126 1108 4173 sanctae
1127 4118 1209 4176 istius
1228 4118 1369 4176 societatis

260 4278 270 4341 l
287 4276 317 4340 l)
334 4280 431 4329 Plroedr.
444 4281 504 4341 2¹15,
521 4277 608 4345 Steph.
