3150 5160
341 352 382 412 il
422 367 461 411 on
482 367 521 411 ns
541 365 686 410 nanninus
706 365 759 420 our
781 365 852 408 rosa
873 363 963 407 arun
985 362 1190 407 arosrourcun
1212 365 1376 411 stonuana.

338 514 406 569 dum
423 522 467 570 est
485 508 572 568 donec
589 511 728 578 invenias,
747 518 776 568 et
792 507 962 567 credendum
981 508 1028 564 ubi
1047 509 1204 576 inveneris,
1224 518 1252 568 et
1270 511 1341 567 nihil
1359 509 1480 582 amplius

339 605 394 661 nisi
411 604 623 661 custodiendum
640 601 713 674 quod
731 598 888 665 credidisti;
905 598 972 654 dum
989 598 1046 655 ltoc
1068 599 1183 671 insuper
1201 600 1311 668 credas,
1328 601 1403 657 aliud
1424 615 1482 657 non

339 710 402 752 esse
420 694 605 759 credendum,
621 685 738 763 ideoque
758 704 810 746 nee
828 688 1041 759 requirendum,
1059 704 1123 745 cum
1140 690 1167 745 id
1186 690 1327 748 inueneris
1345 699 1375 748 et
1390 691 1484 747 credi·

339 785 429 851 deris‚
443 784 516 856 quod
528 785 563 840 ab
576 799 609 839 eo
622 783 781 837 institutum
794 788 850 844 est,
863 778 911 849 qui
925 792 981 832 uon
995 777 1070 833 aliud
1083 779 1133 834 tibi
1147 781 1259 836 mandat
1272 780 1483 851 inquirendum.

339 889 422 946 quam
437 874 512 945 quod
529 873 661 929 instituit.
681 871 844 927 interimere
862 868 961 924 fiducia
976 869 1147 940 probationis
1162 871 1310 942 praevenio,
1328 869 1484 929 admonens

339 964 474 1037 quosdam
500 964 570 1019 nihil
595 978 657 1019 esse
684 959 864 1032 quaerendum
891 961 962 1016 ultra
987 976 1048 1032 quae
1070 960 1249 1018 crediderunt
1272 961 1299 1018 id
1325 961 1487 1032 essequod

340 1070 464 1127 quaerere
485 1055 656 1121 debuerunt,
679 1070 729 1120 ne,
752 1055 862 1124 querite
883 1059 907 1108 et
931 1053 1089 1118 inuenietis,
1113 1053 1174 1109 sine
1194 1053 1342 1125 disciplina
1364 1053 1484 1110 rationis

341 1144 558 1216 interpretentur
586 1142 681 1217 ll)...
707 1144 794 1217 Igitur
819 1141 998 1214 quaerendum
1020 1143 1158 1213 estquod
1180 1142 1308 1200 Christus
1330 1143 1482 1199 instituit:

340 1236 435 1304 utiquc
455 1237 564 1305 maudo
585 1252 641 1291 ooo
661 1235 783 1300 iuvenis,
806 1235 899 1303 utique
917 1234 997 1288 doceo
1017 1233 1152 1288 iuvenior.
1171 1251 1186 1284 a
1207 1231 1291 1303 Atqui
1312 1232 1485 1305 quicumque

342 1325 442 1392 credit,
456 1326 623 1397 quicumque
639 1323 721 1381 srdem
737 1325 832 1391 habet,
850 1324 903 1379 boc
919 1323 979 1395 ipso
997 1322 1114 1387 invenit,
1130 1337 1181 1378 neo
1194 1322 1315 1394 amplius
1334 1321 1388 1393 ipsi
1400 1321 1485 1393 quid·

340 1429 423 1485 quam
436 1415 627 1486 quaerendum
642 1414 710 1470 lides
726 1414 801 1471 enim
818 1429 871 1469 una
889 1428 952 1469 eum
970 1413 1150 1484 inquisitione
1166 1412 1294 1484 componi
1307 1412 1385 1469 nullo
1401 1421 1484 1485 paeto

342 1513 453 1576 potest:
469 1526 482 1558 o
495 1506 627 1562 Invenisti
643 1514 752 1572 autem,
768 1518 832 1560 oum
851 1504 1009 1570 credidisti;
1028 1519 1093 1559 nam
1111 1518 1166 1560 non
1184 1503 1365 1566 credidisses.
1383 1502 1407 1559 si
1425 1518 1485 1560 nou

342 1594 498 1651 invenisses
513 1592 566 1668 (ἓ).
580 1613 595 1648 n

390 1684 452 1740 lllox
477 1694 568 1742 autem
594 1683 784 1758 inquisitionis
806 1684 999 1742 baereticorum
1025 1685 1146 1741 indolem
1172 1685 1297 1758 pressius
1320 1683 1484 1758 attingens,

342 1775 463 1832 ostendit
488 1792 536 1832 eos
557 1792 608 1833 nee
630 1776 713 1833 fidem
737 1776 853 1842 habere,
877 1789 928 1830 nec
948 1775 1050 1832 idcirco
1072 1775 1241 1831 christianos
1261 1789 1324 1831 esse
1346 1789 1354 1830 ι
1379 1772 1485 1831 «uum

341 1864 430 1931 enim,
442 1865 496 1932 ait,
508 1874 637 1937 quaerunt
652 1865 757 1932 adhuc,
771 1864 894 1923 nondum
915 1873 1010 1921 tenent
1025 1881 1032 1920 :
1046 1873 1217 1921 comantem
1235 1865 1358 1921 nondum
1370 1873 1486 1928 tenent,

341 1957 462 2011 nondum
477 1958 659 2021 erediderunt,
674 1973 730 2012 uon
742 1963 806 2011 suut
822 1956 968 2012 christiani
981 1954 1026 2030 (il
1033 1996 1114 2010 .....
1132 1955 1184 2022 Qui
1202 1969 1266 2028 ergo
1283 1969 1336 2010 nee
1349 1953 1404 2010 sibi
1417 1962 1488 2009 sunt

341 2045 500 2113 christiani,
513 2055 616 2118 quanto
629 2047 716 2120 magis
729 2047 809 2102 nobis
822 2043 909 2120 (llio

380 2135 431 2192 llis
446 2136 531 2210 igitur
551 2137 588 2192 ita
608 2136 768 2193 constitutis
785 2135 820 2193 de
841 2136 979 2192 haereseos
997 2134 1105 2202 indole,
1124 2150 1178 2206 qua
1202 2133 1234 2190 fit
1252 2144 1283 2191 ut
1301 2133 1425 2190 haeretici
1448 2149 1488 2189 no

344 2225 489 2282 christiani
513 2227 626 2298 quidem
649 2228 724 2293 sint,
749 2225 936 2283 Tertullianus
956 2225 1013 2296 jam
1039 2222 1074 2280 de
1097 2224 1266 2297 seripturis,
1289 2240 1360 2296 quas
1385 2224 1414 2278 in
1437 2224 1488 2280 sui

343 2315 447 2371 erroris
459 2317 630 2386 patrocinum
644 2316 691 2371 isti
701 2315 845 2380 advocant,
857 2315 994 2372 disserere
1007 2315 1119 2388 incipit,
1133 2323 1338 2371 monstraturus
1351 2313 1488 2385 deinceps

345 2404 502 2476 Scripturas
520 2407 719 2462 catholicorum
738 2420 815 2470 esse,
835 2421 891 2461 non
910 2405 1117 2470 hereticorum,
1139 2405 1262 2476 adeoque
1283 2419 1336 2459 nec
1357 2404 1410 2459 hos
1431 2418 1489 2458 au-

343 2495 461 2551 diendos
481 2495 547 2551 dum
566 2495 601 2551 de
623 2495 773 2567 seripturis
793 2496 952 2568 loquuntur.
972 2496 1025 2552 llio
1042 2512 1108 2570 ergo
1125 2511 1205 2552 suam
1224 2511 1257 2551 ex
1277 2495 1491 2566 proscriptione

343 2585 454 2641 ductam
471 2586 737 2658 argumentationem
756 2601 867 2642 uersare
885 2587 1028 2677 eporditur
1048 2603 1055 2642 :
1077 2586 1253 2652 «Venimus,
1274 2586 1377 2657 inquit,
1398 2585 1489 2658 igitur

344 2676 379 2731 ad
392 2677 577 2747 propositum
591 2677 643 2733 boc
658 2676 733 2732 enim
745 2675 931 2751 dirigebamus
942 2687 970 2733 et
986 2677 1038 2733 hoo
1051 2677 1285 2749 praestruebamus
1300 2677 1490 2733 adlocutionis

344 2763 519 2836 praelatione,
533 2775 563 2821 ut
573 2767 631 2838 jam
644 2766 709 2822 ltine
721 2768 756 2823 de
768 2783 801 2823 eo
814 2767 1024 2841 congrediamur
1037 2768 1071 2824 de
1084 2783 1139 2839 quo
1153 2755 1305 2824 adversaiii
1322 2777 1488 2839 provocant.

344 2853 501 2926 Scripturas
520 2857 689 2925 obtendunt,
708 2866 736 2913 et
754 2858 806 2913 hac
824 2873 875 2914 sua
893 2858 1006 2914 audacia
1029 2858 1122 2913 statim
1142 2857 1276 2928 quosdam
1294 2866 1406 2914 movent
1426 2874 1433 2913 :
1456 2857 1489 2913 in

346 2947 407 3016 ipso
427 2961 493 3003 vero
514 2962 664 3021 congressu
683 2947 777 3004 lirmos
798 2948 909 3019 quidem
932 2947 1060 3022 fatigant,
1082 2948 1208 3004 intirmos
1226 2949 1352 3020 capiunt,
1377 2947 1489 3004 medios

346 3050 410 3091 eum
431 3037 561 3107 scrupulo
579 3037 733 3092 dimittunt.
752 3037 832 3093 Hunc
850 3038 935 3111 igitur
956 3037 1134 3108 potissimum
1156 3036 1272 3109 gradum
1294 3037 1486 3100 obstruimus,

345 3143 401 3181 ooo
421 3128 600 3183 admittendos
621 3144 663 3182 eos
681 3129 718 3182 od
737 3128 822 3183 uilem
840 3129 872 3182 de
892 3127 1044 3198 Scripturis
1062 3129 1282 3198 disputationem.
1303 3128 1330 3184 st
1351 3129 1395 3183 hae
1416 3136 1486 3184 sunt

346 3218 402 3273 illae
422 3218 497 3274 vires
518 3232 634 3284 eorum,
657 3217 697 3273 uti
719 3233 765 3274 eas
791 3218 893 3273 habere
917 3217 1044 3288 possint,
1066 3219 1165 3289 dispici
1190 3218 1262 3274 debet
1286 3221 1332 3275 cui
1352 3225 1486 3288 competat

345 3310 474 3378 possessio
492 3306 717 3379 Scripturorum‚
733 3324 767 3362 rte
784 3309 809 3363 it
826 3308 992 3364 admittatur
1009 3310 1046 3364 od
1064 3324 1138 3373 eom,
1158 3310 1204 3364 rui
1222 3311 1297 3366 nulio
1315 3311 1393 3366 modo
1411 3325 1485 3364 rotu-

378 3507 425 3571 (l)
444 3506 557 3557 Caveant
575 3521 677 3574 qnoque
699 3512 867 3573 protestantes
890 3521 922 3556 ue
944 3512 1041 3556 textum
1063 3503 1133 3556 huuc
1156 3509 1209 3555 etue
1227 3507 1361 3570 disciplina
1377 3504 1486 3555 reticuit

344 3586 500 3652 intelligant.

379 3668 423 3734 (Ξ)
435 3668 462 3717 G.
475 3671 491 3718 9
503 3675 526 3720 et
539 3671 580 3718 to.

380 3752 422 3816 (ὅ)
435 3751 487 3805 Hoc
501 3756 695 3817 argumentum,
709 3748 790 3816 quod,
802 3756 832 3800 ut
845 3748 871 3800 in
884 3756 1004 3817 promptu
1015 3757 1067 3808 est,
1078 3747 1174 3800 directo
1188 3754 1354 3815 protestantes
1371 3746 1488 3816 impetit,

346 3831 442 3882 mirum
461 3831 488 3881 in
508 3831 611 3882 modum
630 3837 714 3881 versat
731 3847 760 3880 ae
780 3829 873 3881 evolvit
892 3832 1026 3881 Bossuetus
1045 3831 1072 3881 in
1093 3847 1138 3881 suo
1160 3832 1286 3895 colloquio
1305 3846 1359 3879 eum
1379 3831 1488 3882 Claudio

333 3913 516 3978 (conserente
532 3929 591 3964 avec
606 3913 630 3964 le
646 3914 762 3964 ministre
778 3913 903 3979 Claude),
915 3913 1065 3980 copioseque
1080 3913 1235 3964 demonstrat
1251 3917 1434 3979 protestantes,
1450 3911 1486 3972 si,

316 4055 317 4060 Ἰ
346 4011 404 4062 quae
415 4003 453 4047 est
464 4011 553 4045 eorum
568 3995 622 4057 lex,
635 3995 720 4047 omnia
738 3995 837 4064 privato
852 3996 969 4046 examine
984 3993 1140 4064 perpendere
1156 3995 1248 4053 velint,
1262 3994 1374 4061 primum
1386 4009 1488 4044 necesse

347 4074 440 4128 habere
450 4077 595 4128 universam
606 4075 699 4129 Christi
711 4077 858 4146 religionem
868 4077 895 4128 in
906 4077 1013 4129 dubium
1025 4093 1129 4139 vocare,
1142 4084 1218 4145 atque
1225 4075 1260 4127 ita
1267 4074 1299 4126 ub
1308 4072 1487 4143 incredulitate

347 4174 392 4208 seu
404 4157 553 4209 inlidelitate
567 4158 699 4226 proficisci.

382 4244 425 4307 (l)
437 4245 464 4294 (l.
478 4248 517 4294 ll.
