3150 5160
351 335 410 394 lin
693 346 916 392 nurunamsuns
938 347 974 389 nr
995 348 1172 392 urrursnus.

384 495 491 565 Quibus
508 495 592 569 igitur
608 492 778 567 argumentis
795 501 915 566 systema
933 491 1086 566 mythicum
1103 502 1227 550 statuere
1244 493 1344 550 nititur
1362 493 1489 552 Strauss‘!

347 587 535 658 Praecipunm,
551 586 607 641 imo
625 601 706 650 vero,
721 585 749 640 ni
767 584 859 650 fallor,
878 582 991 638 unicum
1005 592 1200 654 argumentum
1213 582 1325 638 ducitur
1341 597 1376 639 ex
1389 583 1492 655 impos-

348 676 481 732 sibilitate
500 675 706 731 miraculorum.
726 675 757 729 lu
774 675 848 730 huno
865 688 965 745 nempe
981 671 1095 728 modum
1115 673 1295 730 ratiocinatur
1311 673 1491 731 acutissimus

347 764 492 836 theologus
506 780 513 818 :
527 763 659 818 miracula
673 762 856 834 impossibilia
867 772 946 827 snut,
960 761 989 818 id
1006 777 1103 817 omues
1116 762 1283 819 confitentur
1297 763 1490 830 rationalistte3

347 854 396 910 sed
410 853 550 909 miraculis
564 861 670 909 scatent
683 853 847 927 Evangelia:
862 868 944 924 porro
957 851 1062 924 duplici
1076 861 1183 908 tantum
1198 853 1278 910 modo
1291 869 1323 910 ea
1336 854 1492 929 intelligere

347 942 389 998 fas
406 952 463 1009 est,
487 942 532 998 vel
557 941 709 998 secundum
734 941 912 997 Naturalismi
933 941 1049 1013 placita,
1067 942 1110 998 vel
1137 957 1168 999 ea
1192 951 1223 999 ut
1246 943 1361 998 totidem
1383 946 1491 1018 mythos

348 1031 489 1098 hahendo;
507 1048 605 1088 rerum
623 1042 696 1089 stare
717 1033 814 1104 nequit
837 1032 1054 1100 Naturalismus,
1078 1048 1143 1107 ergo
1168 1033 1333 1107 lfythismus
1358 1035 1492 1092 consistat

349 1138 463 1179 necesse
476 1131 528 1178 est.

384 1213 457 1282 Quid
475 1213 541 1268 huic
559 1213 790 1287 argumentationi
809 1212 995 1285 respondeant
1014 1212 1200 1277 naturalistae,
1220 1213 1274 1284 ipsi
1286 1213 1418 1270 viderint.
1434 1215 1489 1289 Ego

347 1319 428 1370 vero,
447 1313 477 1359 ut
494 1303 585 1358 dicam
604 1305 676 1375 quod
697 1304 800 1370 sentio,
819 1303 920 1360 minori
940 1304 1063 1375 profecto
1084 1302 1246 1360 difficultate
1271 1305 1341 1360 mihi
1366 1306 1490 1363 laborare

347 1395 457 1450 videtur
484 1395 691 1452 rationalismus
719 1395 858 1468 mythicus
882 1409 965 1466 quam
993 1394 1217 1462 naturalisticus,
1240 1394 1264 1450 si
1291 1395 1372 1452 modo
1404 1396 1488 1452 solam

348 1486 516 1557 spectatoris
539 1485 693 1557 explicandi
717 1485 869 1552 rationem;
889 1493 917 1540 et
938 1494 1012 1541 certe
1027 1500 1096 1555 quas
1115 1484 1144 1539 iu
1164 1484 1284 1541 decursu
1307 1485 1351 1542 sui
1376 1485 1412 1542 de
1435 1485 1488 1543 vita

347 1575 414 1632 Iesu
433 1575 524 1647 operis
544 1575 655 1632 Strauss
680 1575 793 1646 subjicit
813 1575 1034 1648 explanationes,
1052 1575 1140 1631 multo
1155 1574 1340 1646 expeditiores
1358 1586 1489 1648 apparent

348 1665 384 1722 iis
403 1682 464 1738 qua
483 1667 554 1738 apud
572 1667 688 1722 Paulum
706 1674 864 1723 occurrunt.
885 1666 1018 1737 Superest
1040 1675 1134 1721 tamen
1153 1665 1302 1722 difficultas
1320 1682 1375 1738 qua
1392 1675 1420 1723 et
1435 1667 1487 1739 ipsi

347 1757 519 1813 naturalistae
538 1758 715 1831 llythismum
739 1757 865 1813 funditus
890 1755 1037 1827 explodere
1059 1764 1171 1827 queant.
1200 1756 1241 1811 Ex
1264 1756 1299 1812 iis
1322 1771 1384 1827 quae
1407 1771 1488 1828 supra

347 1845 421 1901 eirca
438 1846 525 1919 mythi
541 1846 664 1904 indolem
676 1861 708 1901 ac
726 1845 867 1902 fictionem
878 1860 912 1900 ex
925 1844 1066 1901 Straussio
1079 1845 1307 1900 adumbravimus
1327 1844 1415 1916 liquet
1432 1862 1488 1920 my·

348 1937 427 1992 thum
445 1952 501 1994 nou
524 1937 579 1993 nisi
597 1937 730 2009 paulatim
749 1944 777 1992 et
791 1935 952 2003 traditione,
973 1951 1034 2007 quae
1053 1944 1159 1992 crescat
1179 1936 1285 2004 eundo,
1299 1934 1365 2009 fingi
1384 1952 1418 1992 ac
1435 1937 1484 1995 for·

347 2024 417 2080 mari
437 2042 529 2097 posse;
547 2025 662 2098 proinde
675 2025 699 2082 si
716 2025 862 2098 Evangelia
874 2024 993 2098 mythica
1010 2024 1128 2093 dixeris,
1148 2040 1242 2081 sumas
1262 2040 1377 2082 necesse
1396 2034 1440 2083 est
1458 2043 1488 2083 ea

347 2130 520 2186 nequaqnam
538 2117 573 2171 ah
587 2115 643 2172 illis
658 2113 762 2172 Christi
777 2116 844 2173 lesu
859 2115 959 2189 primis
978 2116 1139 2188 discipulis,
1159 2132 1278 2189 quornm
1300 2117 1414 2173 nomina
1433 2134 1488 2190 prae

347 2221 378 2261 se
394 2205 499 2272 ferunt,
514 2208 668 2278 conscripta
683 2207 782 2275 fuisse,
797 2206 845 2265 scd
856 2207 947 2263 serius
961 2216 1085 2274 tantum,
1098 2222 1184 2278 quum
1198 2207 1304 2263 seilicet
1317 2223 1367 2279 per
1380 2216 1488 2279 tempus

346 2295 488 2351 traditioni
510 2297 635 2354 licuisset
662 2298 747 2354 vitam
771 2298 836 2354 lesu
861 2312 943 2368 quam
966 2296 1085 2352 maxime
1102 2297 1271 2369 amplificare
1289 2307 1318 2355 et
1336 2298 1489 2355 innumeris

347 2383 487 2455 adjunctis
507 2385 675 2457 portentosis
699 2401 840 2443 exornare.
861 2387 932 2443 llinc
958 2386 1070 2444 Strauss
1087 2387 1117 2442 in
1135 2387 1251 2443 duhium
1270 2398 1350 2445 rotat
1368 2389 1489 2462 Evange-

348 2473 450 2529 liorum
468 2474 652 2540 authentiam,
672 2485 821 2546 censetque
834 2476 979 2532 historiam
997 2477 1107 2534 Domini
1127 2493 1183 2534 non
1201 2478 1347 2534 atestihus
1360 2478 1489 2547 oculatis,

348 2581 400 2620 nec
412 2566 446 2621 ah
459 2565 495 2621 iis
510 2565 557 2637 qui
578 2582 672 2622 rerum
688 2565 806 2637 proximi
825 2565 928 2623 fuerint
948 2567 1051 2640 scripto
1068 2567 1221 2639 proditam3
1239 2569 1292 2624 hoc
1308 2570 1412 2641 quippe
1431 2585 1491 2642 pro-

348 2655 412 2713 hato
427 2657 545 2713 convelli
561 2657 663 2713 fatetur
676 2665 795 2730 systema
807 2658 958 2731 mythicum
974 2655 1031 2732 (l).
1046 2658 1229 2727 Quamobrem
1247 2659 1335 2716 multo
1349 2660 1490 2719 molimine

349 2746 458 2803 elevare
476 2747 577 2803 nititur
594 2749 725 2820 praeclara
745 2747 792 2802 illa
811 2763 844 2802 ae
863 2748 1044 2805 luculentiora
1064 2756 1227 2821 argumenta
1246 2764 1307 2820 quae
1326 2757 1386 2805 tum
1407 2749 1491 2821 epri-

348 2852 458 2893 morum
471 2838 634 2896 saeculorum
648 2839 761 2895 Patrum
772 2838 953 2907 testimoniis,
963 2849 1023 2895 tum
1037 2855 1070 2896 ex
1084 2839 1144 2911 ipsa
1157 2839 1369 2914 Evangeliorum
1383 2840 1490 2897 interna

349 2927 441 2983 indole
460 2929 523 2984 duei
540 2930 647 2997 soleut;
669 2939 697 2986 at
713 2929 793 2986 irrito
810 2946 924 3002 prorsus
946 2939 1044 2986 conatu
1063 2946 1070 2984 ι
1089 2938 1165 2985 tanto
1181 2928 1257 2984 enim
1276 2938 1390 2986 externo
1415 2929 1492 2988 testi-

348 3017 505 3074 moniorum
533 3020 668 3091 pondere,
687 3029 728 3077 tot
750 3030 778 3076 et
803 3020 889 3076 tantis
914 3020 987 3077 notis
1012 3019 1173 3076 intrinsecis
1204 3018 1332 3076 firmatur
1356 3021 1490 3078 librorum

348 3107 466 3164 istorum
486 3111 637 3167 auctoritas
662 3110 807 3178 historica,
831 3119 862 3166 ut
891 3111 943 3166 hac
970 3111 998 3166 iu
1023 3126 1053 3166 rc
1080 3126 1192 3167 cansam
1217 3110 1350 3183 perfacile
1379 3111 1490 3168 vincere

347 3207 450 3271 queant
468 3200 648 3256 naturalistae.
668 3201 703 3256 Et
718 3216 784 3256 uero
808 3215 843 3255 ex
861 3199 1041 3257 rationalistis
1064 3199 1141 3257 fuere
1159 3201 1279 3275 theologi
1300 3201 1348 3274 qui
1359 3200 1489 3259 Straussii

347 3288 492 3344 audaciam
515 3288 657 3359 paululum
686 3286 884 3362 infringerent,
907 3288 1139 3359 ostenderentque
1160 3287 1237 3345 nefas
1262 3305 1360 3346 essee
1381 3289 1489 3347 critices

347 3379 493 3450 praeceptis
515 3378 553 3434 ita
576 3379 605 3434 in
631 3377 791 3435 universum
815 3377 844 3434 in
871 3377 986 3434 duhium
1014 3377 1151 3434 adducere
1173 3380 1386 3454 Evangeliorum
1407 3379 1492 3437 fidem

347 3469 518 3524 historicam.
537 3468 610 3537 Quin
625 3470 709 3527 etiam
724 3486 820 3527 eorum
834 3471 1004 3544 argumentis
1016 3479 1169 3526 commotus
1187 3470 1247 3542 ipsc
1259 3469 1385 3536 Strauss,
1405 3471 1488 3528 confi·

346 3559 401 3616 teri
413 3568 524 3616 coactus
534 3569 577 3615 est
591 3560 682 3631 quarti
696 3561 837 3632 Evangelii
848 3559 1021 3616 authentiam
1034 3573 1089 3613 nou
1099 3558 1136 3614 ita
1146 3557 1225 3614 facile
1238 3561 1334 3633 negari
1347 3576 1429 3631 posse
1440 3559 1487 3634 (h).

347 3648 383 3705 ht
403 3650 576 3720 desperatam
600 3665 713 3705 causam
742 3650 840 3722 agebat
862 3648 958 3704 infelix
976 3648 1131 3722 theologus.
1151 3649 1275 3705 Tholuck
1299 3666 1429 3722 namque,
1448 3649 1488 3706 vir

347 3754 457 3794 summa
466 3738 620 3795 eruditione
630 3748 658 3794 et
670 3739 789 3794 maxima
800 3739 900 3795 mentis
910 3738 969 3794 acie
979 3737 1159 3810 conspicuus,
1170 3737 1487 3804 invictedemonstrarit,

348 3828 445 3883 missis
467 3828 550 3883 etiam
577 3829 746 3903 Evangelia,
765 3829 902 3901 praecipua
921 3828 1045 3886 historiae
1060 3828 1146 3900 hujus
1165 3827 1255 3899 capita
1276 3830 1387 3886 restitui
1409 3841 1489 3901 possa

348 3915 485 3974 exactis
509 3917 718 3988 Apostolorum,
743 3935 861 3990 quorum
889 3921 1032 3976 authentia
1056 3919 1143 3975 nullis
1164 3919 1276 3978 critices
1301 3922 1366 3979 telis
1384 3927 1485 3995 pateat.

348 4007 476 4079 Undique
488 4006 572 4082 igitur
584 4019 664 4066 nutat
675 4010 854 4083 Mythismus,
869 4027 921 4068 nee
934 4011 1017 4070 hahet
1027 4027 1081 4083 quo
1095 4008 1241 4069 consistat.

381 4179 427 4243 (l)
440 4178 476 4228 Cf.
493 4181 533 4230 Vic
545 4181 574 4230 de
584 4179 672 4242 licut,
683 4184 778 4232 latrod.
791 4181 805 4248 §
817 4182 880 4232 Xlll.

381 4260 425 4327 (2)
439 4264 479 4312 Vir
489 4263 519 4313 de
530 4261 615 4326 Jecur,
626 4261 725 4329 prisone
736 4265 764 4315 de
775 4267 802 4318 la
813 4267 839 4314 5ο
849 4263 905 4314 cdd.
