3150 5160
215 343 272 401 tto
334 355 572 400 nruronnmsuus
592 355 728 399 nranvaus
749 358 767 398 ra
788 357 1046 402 raornsranrrsuo
1067 358 1230 403 onrurvnns.

247 504 387 559 Hactenus
405 519 470 576 ergo
487 501 669 557 rationalismi
688 501 784 556 biblici
797 519 812 558 3
827 503 1053 574 protestantismo
1066 513 1158 560 ortum
1172 514 1200 561 et
1217 504 1355 578 priucipia

211 593 349 666 generalia
364 593 486 648 vidimus
507 608 515 646 t
536 591 703 661 quinetiam
725 591 784 646 haec
806 592 942 663 principia
959 593 1135 664 aliquatenus
1155 593 1190 649 ad
1205 610 1287 649 usum
1306 609 1357 650 ac-

211 684 382 739 commodata
400 682 604 753 conspeximus.
626 680 721 735 Restat
738 688 769 734 ut
788 695 884 735 eorum
904 681 1103 751 explicationes
1123 682 1358 753 evolutionesque

211 773 241 827 in
263 771 427 843 protestanti
447 763 590 844 theologia
604 785 816 841 persequamur,
837 784 870 823 33
889 769 1042 841 praecipuas
1059 786 1128 841 quas
1144 771 1359 828 rationalismus

211 863 260 918 ille
279 861 371 917 induit
391 861 493 918 formas
513 861 635 917 breviter
647 860 831 933 attingamus;
845 871 876 914 ut
888 859 1000 914 tandem
1018 860 1053 915 ob
1067 861 1161 918 oculos
1172 861 1275 917 babeas
1288 859 1356 917 ulti-

211 950 626 1023 mumpseudo-reiormationis
648 950 779 1022 principii
800 963 972 1021 processum.

681 1383 819 1464 CAPUT
846 1383 887 1464 l.

222 1657 357 1698 POSTREMA
376 1656 498 1696 exsultans
518 1656 622 1695 valvam
642 1655 674 1693 ab
694 1656 790 1696 SACRAS
808 1656 967 1696 santvvanls
987 1655 1185 1697 accendentium
1204 1656 1291 1697 Fanum
1309 1656 1341 1696 ΕΤ

457 1746 880 1787 1131131113.-111111111131113
898 1748 932 1787 ΕΤ
950 1747 1108 1788 ttvvfltsmtts.

248 1937 398 2008 Postquam
416 1936 566 1992 constituta
580 1933 656 1991 inere
680 1936 863 1992 rationalismi
889 1936 1039 2008 principia,
1058 1936 1197 2008 reliquum
1222 1945 1265 1992 331
1281 1945 1311 1991 ut
1320 1951 1348 1992 ea

211 2027 294 2098 plene
307 2037 334 2082 et
347 2028 439 2083 dedita
453 2041 536 2098 opera
558 2026 593 2081 ad
612 2026 774 2099 religionem
798 2027 977 2083 christianam
998 2026 1256 2093 accommodentur,
1271 2034 1351 2096 atque

211 2119 250 2173 ita
268 2119 355 2192 magis
373 2120 515 2191 magisque
533 2117 709 2172 illustrentur
725 2133 756 2172 ac
774 2117 945 2173 evolvantur.
967 2116 1052 2172 Porro
1074 2117 1103 2171 in
1121 2133 1153 2172 eo
1176 2116 1351 2172 consentiunt

211 2209 390 2264 rationalistas
412 2224 523 2274 omnes,
543 2218 574 2262 ut
596 2208 683 2264 veluti
702 2224 812 2263 sacrum
834 2208 972 2279 quoddam
993 2207 1136 2262 decretum
1154 2214 1266 2263 sumant
1284 2205 1351 2259 nihii

211 2312 334 2368 unquam
348 2296 407 2352 fieri
425 2312 505 2368 posse
523 2297 596 2368 quod
614 2306 719 2351 naturae
738 2297 812 2352 vires
831 2306 957 2368 superet,
971 2295 1095 2368 adeoque
1113 2297 1160 2351 illa
1183 2294 1277 2352 omnia
1295 2309 1353 2365 qnae

210 2387 241 2441 in
261 2386 365 2441 sanetis
384 2385 485 2441 litteris
509 2386 732 2457 prophetiarum,
756 2385 952 2441 miraculorum
976 2395 1023 2440 aut
1046 2386 1129 2440 etiam
1159 2384 1353 2458 mysteriorum

211 2492 243 2532 ac
256 2474 435 2531 revelationis
448 2475 559 2547 proprie
569 2474 650 2530 dictae
663 2476 786 2547 speciem
797 2476 934 2540 referunt,
949 2491 1048 2547 reapse
1061 2491 1237 2547 nequaquam
1250 2474 1353 2531 ordinis

212 2565 432 2640 supernaturalis
445 2583 522 2633 csse,
534 2567 582 2622 sed
597 2565 667 2622 iacta
679 2576 727 2622 aut
738 2576 888 2638 conceptus
906 2582 982 2622 ruere
1001 2566 1145 2622 naturalia.

247 2660 317 2716 lstas
331 2659 457 2714 notiones
470 2659 524 2714 alte
538 2659 566 2713 in
580 2658 671 2713 animo
685 2658 838 2728 insculptas
852 2658 965 2731 gerebat
979 2657 1101 2724 Semler,
1116 2667 1199 2728 atque
1212 2658 1246 2713 ad
1260 2673 1353 2714 earum

211 2764 337 2805 normam
351 2749 442 2804 omnia
462 2748 629 2803 metiebatur
648 2762 680 2802 ac
697 2747 854 2817 judicabam
868 2748 931 2803 illas
944 2755 1038 2803 tamen
1056 2748 1185 2819 nuspiam
1205 2749 1311 2805 diserte
1329 2756 1354 2804 et

212 2840 247 2895 de
261 2839 398 2895 industria
411 2839 525 2894 tradidit
543 2853 576 2894 ac
596 2836 728 2893 defendit.
743 2837 796 2904 Qui
809 2855 874 2895 vero
888 2838 1021 2911 deinceps
1036 2838 1155 2896 iloruere
1173 2838 1294 2913 theologi
1311 2854 1357 2895 eas

213 2929 338 2999 pressius
357 2928 536 3000 apertiusque
554 2944 692 2999 exponere
704 2944 737 2983 33
754 2930 827 2985 11311
846 2931 1022 2986 studuerunt.

249 3019 480 3074 Rationalismum
499 3019 540 3074 sic
552 3018 650 3075 definit
668 3019 880 3092 Wegsebeider‚
892 3021 965 3076 inter
984 3020 1174 3078 rationalistas
1191 3019 1251 3091 ipse
1262 3020 1357 3091 praeci·

213 3125 306 3180 puus:
328 3127 342 3160 u
362 3109 621 3165 Rationalismus...
647 3118 690 3163 331
710 3125 742 3164 33
760 3110 899 3165 sentiendi
921 3119 949 3166 31
968 3110 1105 3184 cogitandi
1128 3109 1187 3175 lex,
1208 3125 1261 3180 qua
1281 3110 1358 3165 nullo

213 3199 268 3254 3113
284 3197 365 3253 modo
383 3215 399 3253 a
416 3199 473 3253 Deo
491 3198 654 3270 religionem
673 3198 833 3255 hominibus
853 3215 915 3256 csse
933 3202 1081 3256 revelatam
1102 3200 1227 3256 arbitrati
1240 3198 1297 3255 nisi
1310 3215 1358 3266 eo,

214 3290 260 3360 qui
282 3298 310 3344 et
331 3298 436 3344 naturae
459 3304 553 3343 rerum
577 3297 604 3343 et
626 3288 726 3344 rationi
745 3298 876 3359 tanquam
898 3289 962 3345 testi
981 3298 1064 3361 31313
1086 3289 1231 3360 interpreti
1257 3288 1359 3344 divina

213 3374 394 3452 providentiae
408 3378 464 3434 vim
484 3394 563 3434 suam
577 3378 744 3434 declarantis
763 3380 844 3450 plane
857 3380 1016 3444 conveniat,
1036 3381 1212 3435 revelationis
1227 3379 1359 3449 cujusque

213 3473 333 3542 opinator
354 3471 575 3541 supernaturalis
601 3476 793 3540 argumentum
815 3472 1033 3525 attaminandum
1051 3487 1083 3525 ac
1096 3470 1282 3539 judicandum
1300 3487 1360 3525 can-

214 3580 301 3618 temus
318 3579 352 3618 an
373 3563 442 3616 ideis
460 3563 497 3616 ad
520 3561 682 3630 religionem
703 3574 840 3628 rnorasqua
861 3559 1059 3628 spectantibus,
1082 3575 1151 3630 quas
1173 3559 1292 3613 ratiouis
1312 3574 1359 3629 ope

214 3656 308 3707 aniano
335 3653 499 3721 informatas
527 3654 667 3720 babemus,
702 3661 785 3723 atque
818 3666 852 3704 ex
878 3649 942 3705 aliis
967 3650 1051 3705 rebus
1076 3649 1207 3722 cognitis,
1240 3665 1359 3720 quarum

214 3745 318 3799 veritas
343 3743 510 3817 intelligenti
535 3744 635 3814 cuique
662 3758 694 3797 ac
724 3741 804 3798 docto
831 3739 1013 3795 existimatori
1042 3739 1187 3810 perspicua
1217 3747 1270 3794 est.
1299 3738 1359 3807 Qua

214 3832 259 3888 via
273 3833 391 3904 ingressi
404 3848 435 3888 ea
450 3840 572 3899 tautum,
592 3847 653 3903 quae
670 3830 722 3884 bac
739 3846 769 3886 re
787 3839 896 3901 peracta
914 3829 1025 3900 probari
1047 3845 1128 3899 posse
1146 3838 1272 3900 apparet,
1294 3846 1359 3886 vera

215 3921 391 3996 agnoscimus
416 3932 444 3978 et
468 3923 566 3996 digna,
593 3938 654 3993 quae
678 3922 713 3976 ab
740 3922 869 3978 omnibus
894 3921 1005 3977 omnino
1033 3921 1221 3991 approbentur
1245 3919 1358 3994 (1).»

215 4011 300 4067 Addit
315 4027 396 4082 porro
409 4015 607 4069 revelationem
625 4023 674 4069 aut
690 4015 878 4071 interventum
897 4027 1099 4083 quemcumque
1117 4013 1358 4082 supernaturalem

216 4119 279 4159 cum
299 4102 347 4157 bei
366 4103 508 4159 attributis
524 4120 668 4178 pugnare:
686 4104 862 4162 1Ρ31313313
879 4102 914 4158 de
930 4104 1139 4174 supernaturali
1152 4111 1180 4159 et
1191 4103 1357 4160 miraculosa

249 4265 291 4327 (1)
309 4268 420 4317 institut.
436 4267 507 4316 111331.
521 4267 606 4318 citrist.
617 4270 737 4331 11331111,
753 4266 792 4318 ed.
806 4272 844 4318 ia.
859 4266 1014 4327 13131311,
1029 4265 1096 4331 §ib
