3166 5168
368 342 454 384 carn.
477 340 633 383 unruouus
658 339 956 384 ARGUllEllT.T11EOL.
980 338 1199 382 eonrrnuarun.
1296 325 1354 384 toa

216 490 300 562 eujus
322 497 443 544 mentem
469 486 592 558 perbelle
615 485 747 542 efferebat
774 485 926 556 Apostolus
947 485 1051 540 Paulus
1073 484 1140 540 dum
1159 483 1325 557 predicabat
1347 506 1354 543 :

217 579 350 634 «Graecis
374 586 402 634 et
420 577 561 641 barbaris,
589 576 761 648 sapientibus
785 585 813 631 et
838 575 1035 646 insipientibus
1060 575 1168 631 debitor
1194 592 1256 631 snm
1282 577 1357 652 (1)»

216 668 402 736 Quamobrem
432 668 498 723 hinc
520 682 632 722 rursum
659 666 804 722 coniicitur
831 665 941 722 Domini
970 682 1084 736 scopum
1111 666 1300 737 expostulasse
1328 677 1358 723 ut

215 762 409 817 auctoritatem
431 759 590 814 institueret
610 773 662 828 qua
686 766 713 813 et
734 756 900 827 insipientes
924 771 1001 826 aeque
1026 771 1058 811 ac
1080 756 1219 826 sapientes
1243 766 1358 826 possent

217 851 252 906 ad
271 850 439 924 agnitionem
458 847 585 904 veritatis
599 847 704 903 venire.
725 845 932 917 Quoniamque,
950 856 980 902 ut
999 847 1150 902 secundum
1168 845 1273 902 Christi
1296 864 1359 919 pru-

219 941 341 1012 positum
359 955 469 1012 semper
481 953 550 1009 pura
569 952 601 992 ae
615 938 719 1010 integra
733 937 858 992 tradatur
879 937 988 1010 religio,
1007 945 1066 992 tuta
1082 936 1179 992 itidem
1197 952 1229 993 ac
1246 940 1358 995 omnino

219 1046 318 1086 secura
344 1045 407 1087 esse
432 1029 514 1085 dehet
540 1028 684 1083 hominum
709 1028 862 1094 institutio,
882 1028 969 1099 liquet
987 1027 1147 1098 hujusmodi
1168 1028 1358 1085 auctoritatem

220 1121 304 1176 statui
324 1120 479 1192 oportuisse
497 1134 559 1191 quae
572 1119 674 1175 erroris
690 1119 772 1190 plane
790 1118 882 1173 nescia
895 1119 964 1173 eitra
977 1117 1065 1172 ullum
1081 1118 1147 1173 item
1161 1119 1271 1174 errandi
1285 1120 1359 1190 peri-

219 1211 312 1267 eulum
336 1210 487 1266 christiana
507 1210 618 1265 decreta
638 1209 753 1281 populos
770 1210 905 1265 educeret.
924 1209 954 1264 ld
976 1224 1038 1264 cum
1059 1208 1161 1266 Christi
1182 1210 1359 1266 revelationis

220 1317 304 1373 scopo
324 1309 380 1356 mm
406 1310 481 1356 arcte
502 1300 637 1366 cohaeret,
666 1310 697 1355 ut
716 1300 762 1354 hic
786 1299 847 1355 sine
871 1300 919 1356 illo
943 1308 1016 1355 stare
1035 1308 1168 1371 nequeat;
1193 1311 1360 1374 quapropter

220 1399 268 1447 aut
291 1389 467 1464 apertissima
492 1389 694 1447 christianismi
720 1390 828 1446 indoles
854 1391 976 1465 neganda
998 1406 1031 1446 ae
1051 1391 1205 1462 respuenda
1229 1401 1286 1460 est,
1311 1403 1359 1450 aut

219 1481 337 1554 perinde
360 1480 565 1554 agnoscendum
590 1482 658 1537 illud
680 1480 753 1553 quod
777 1481 840 1538 inde
856 1483 1021 1538 eruebamus
1042 1481 1257 1549 consectarium;
1279 1498 1360 1539 secus

220 1573 296 1628 enim
315 1589 348 1629 ex
372 1573 423 1629 hoe
442 1588 551 1644 quoque
570 1573 660 1644 capite
679 1573 709 1626 in
729 1572 828 1628 mediis
841 1571 963 1628 versaris
981 1571 1181 1645 repugnantiis.

258 1665 333 1720 ldem
358 1665 411 1721 hoc
438 1673 631 1740 argumentum
663 1679 788 1735 premere
812 1679 923 1735 possem
949 1672 1032 1735 atque
1054 1663 1088 1718 ad
1114 1679 1209 1719 omnes
1233 1663 1361 1720 homiues

220 1753 384 1816 transferre,
399 1755 501 1826 quippe
514 1754 562 1825 qui
576 1770 631 1811 non
647 1754 723 1810 omui
737 1755 916 1810 scientiarum
930 1762 1061 1826 apparatu
1079 1753 1208 1809 instructi
1224 1753 1252 1809 in
1270 1755 1361 1810 lucem

220 1844 350 1911 eduntur,
369 1844 417 1900 sed
437 1842 606 1915 pedetentim
625 1844 756 1902 discendo
775 1854 803 1901 et
821 1844 958 1901 audiendo
977 1844 1050 1900 docti
1063 1843 1148 1912 litrut,
1162 1853 1362 1916 proptereaque

220 1935 382 2008 aliquandiu
405 1935 503 1991 saltem
522 1931 565 2009 (2)
584 1935 748 1992 auctoritate
771 1944 861 2010 egent.
888 1936 918 1992 ln
944 1934 1104 1991 memoriam
1131 1935 1214 1991 etiam
1239 1937 1361 1993 revocari

221 2036 339 2100 possunt
361 2042 421 2097 quae
446 2025 583 2097 superiori
600 2025 614 2101 5
632 2026 667 2083 de
690 2026 792 2083 mentis
812 2027 941 2082 humanae
957 2025 1065 2098 legibus
1083 2025 1283 2094 disseruimus;
1301 2042 1362 2098 quae

221 2117 247 2174 si
266 2133 329 2173 cum
345 2116 523 2173 revelationis
539 2115 643 2173 Christi
657 2132 739 2189 scopo
752 2117 851 2172 collata
864 2115 982 2182 luerint,
995 2117 1140 2188 perspicue
1153 2116 1257 2189 patebit
1269 2117 1361 2189 ipsum

221 2223 277 2263 non
290 2207 415 2278 potuisse
428 2207 495 2278 quin
509 2207 698 2282 magisterium
716 2207 874 2263 institueret
886 2216 963 2263 tanto
980 2217 1219 2279 perseveraturum
1238 2218 1362 2281 tempore

220 2306 325 2370 quanto
341 2298 430 2369 ipsam
455 2298 527 2353 hanc
546 2298 752 2355 revelationem.
776 2298 879 2354 llerum
898 2313 930 2353 ea
954 2298 1079 2355 evolvere
1095 2314 1150 2355 non
1170 2307 1213 2355 est
1233 2315 1360 2367 necesse;

218 2391 354 2446 haetenus
372 2389 445 2446 dicta
464 2391 499 2446 ad
518 2389 619 2446 thesim
635 2389 825 2446 elucidandam
842 2404 874 2444 ac
888 2388 1103 2446 confirmandam
1120 2390 1188 2446 satis
1201 2389 1266 2446 sint.

257 2481 352 2552 ltaque
372 2479 432 2552 ipsa
449 2480 670 2553 supernaturalis
683 2495 715 2535 ac
728 2479 828 2536 divinae
841 2479 1017 2536 revelationis
1032 2480 1119 2547 notio,
1134 2479 1237 2536 Christi
1252 2479 1362 2553 religio·

220 2571 265 2627 nis
278 2572 386 2628 indoles
399 2588 432 2628 ac
444 2588 558 2643 scopus,
571 2571 688 2628 firmitas
702 2587 763 2642 quae
776 2570 904 2626 revelatis
916 2568 1034 2625 decretis
1049 2569 1077 2622 in
1090 2578 1254 2640 perpetuum
1269 2569 1362 2624 inesse

220 2659 319 2726 debet,
332 2661 476 2716 hominum
490 2660 611 2716 conditio
632 2661 697 2716 huic
715 2675 797 2732 scopo
815 2667 986 2729 comparata,
1000 2672 1115 2728 prorsus
1134 2656 1282 2729 efflagitant
1296 2671 1361 2712 auc-

221 2750 362 2804 toritatem
385 2749 596 2820 aspectabilem,
618 2749 721 2816 vivam,
735 2757 909 2821 perpetuam,
925 2762 1067 2818 nunquam
1081 2746 1252 2802 deficientem
1264 2790 1272 2816 ,
1286 2764 1363 2804 erro-

222 2838 263 2892 ris
285 2837 424 2903 nesciam,
444 2854 505 2909 quae
521 2836 625 2894 Christi
644 2839 719 2894 uices
736 2838 765 2893 in
784 2838 829 2894 his
845 2837 927 2893 terris
940 2837 1082 2909 suppleat,
1101 2853 1210 2909 semper
1225 2838 1253 2892 vi
1270 2839 1362 2895 diviua

222 2935 301 3001 agat,
315 2935 343 2981 et
356 2927 475 2998 quodvis
487 2943 574 3000 genus
588 2928 716 2985 homines
734 2927 855 2995 erudiat,
870 2926 1000 2983 informet
1016 2943 1048 2983 ac
1058 2928 1140 2999 plane
1152 2928 1296 2985 instauret.
1309 2928 1363 2997 put

223 3018 252 3074 id
270 3020 422 3089 approbare
441 3018 581 3083 renuerit,
596 3019 620 3075 is
633 3027 681 3074 aut
696 3017 866 3075 christianus
879 3017 934 3073 dici
947 3017 1058 3088 nequit,
1071 3028 1119 3074 ant
1136 3019 1252 3076 rationis
1265 3036 1363 3092 expers

223 3106 292 3163 mihi
313 3107 457 3163 habendus
480 3106 597 3163 videtur.
620 3106 687 3175 Quae
705 3125 790 3180 quum
810 3109 848 3164 ita
861 3110 938 3175 sint,
957 3108 1038 3163 allata
1059 3106 1116 3177 jam
1136 3123 1168 3163 ac
1186 3108 1299 3180 probata
1319 3124 1363 3165 ra-

226 3198 300 3254 tione
323 3206 382 3253 tum
403 3197 595 3270 philosophica
614 3207 674 3254 tum
692 3199 845 3274 theologica
865 3197 1037 3256 auctoritatis
1053 3213 1068 3253 a
1086 3197 1195 3255 Christo
1214 3199 1362 3266 institutae,

224 3289 363 3361 reliquum
383 3297 474 3345 estut
500 3289 584 3363 hujus
606 3289 780 3347 auctoritatis
803 3300 929 3346 naturam
955 3288 1043 3362 magis
1068 3290 1245 3346 enucleemus
1267 3291 1363 3361 praeei-

225 3392 349 3450 puasque
362 3377 423 3449 ejus
435 3385 516 3434 nutas
530 3376 726 3450 expendamus.

273 3554 286 3598 1
322 3549 412 3599 limnl
438 3553 479 3598 11.

258 3549 304 3696 m
323 3585 428 3696 Sempei
446 3631 473 3680 in
493 3645 521 3681 re
538 3631 669 3699 religionis
684 3640 754 3685 certa
773 3632 923 3684 auctmitate
936 3630 998 3700 ipsis
1016 3629 1096 3683 doctis
1114 3647 1178 3699 opus
1194 3638 1244 3690 est,
1265 3629 1308 3681 sed
1326 3630 1367 3682 hie

225 3708 383 3763 auctoritatis
402 3711 576 3764 necessitatem
594 3730 625 3766 ex
639 3713 782 3782 ignorantia
798 3724 824 3768 ct
844 3713 1004 3767 imbecilliori
1022 3713 1155 3766 hominum
1174 3713 1276 3781 ingenio
1293 3713 1367 3766 evin-

226 3810 283 3846 cere
294 3800 395 3847 tantum
407 3792 534 3846 volumus.
