3150 5160
210 370 271 431 Μ
498 384 536 427 nn
557 383 737 427 rnnnrrronn
758 384 794 426 nr
815 383 1058 428 rnanrrrournos.

207 529 263 587 tire
278 529 408 586 videntur
420 530 487 586 dum
501 530 530 585 in
547 527 765 603 argumentando
785 530 904 586 subinde
921 530 952 586 fit
970 538 1003 585 ut
1022 545 1120 602 reapse
1133 546 1189 586 non
1202 539 1259 586 tam
1272 534 1356 589 tradi-

210 621 301 677 tiones
314 636 397 691 quam
411 618 602 687 traditionem,
615 621 696 691 cujus
710 621 906 676 necessitatem
917 621 1084 692 approbent,
1097 623 1249 694 respiciant
1262 639 1270 679 ε
1283 625 1356 695 quod

210 711 340 784 quoniam
357 727 413 767 non
432 711 501 767 satis
513 710 711 786 distinguunt,
733 710 800 767 hinc
818 711 911 767 minus
925 711 1053 784 expedita
1066 713 1192 769 cernitur
1203 729 1300 770 corum
1313 731 1357 769 ar-

210 802 390 875 gumentandi
409 801 480 858 ratio
502 799 559 875 ll).

760 1005 819 1080 §n

657 1247 691 1287 DE
712 1245 919 1289 nntmmotlmus

250 1435 424 1493 Traditiones
437 1436 555 1493 dicimus
576 1451 608 1492 ea
626 1435 806 1493 revelationis
825 1435 986 1493 christianae
1005 1436 1095 1508 capita
1114 1453 1176 1508 qnae
1194 1438 1306 1510 scriptis
1319 1439 1359 1496 di·

213 1527 318 1585 vinitus
338 1527 482 1600 inspiratis
505 1527 634 1584 mandata
660 1544 715 1586 non
735 1527 865 1590 luerunt,
887 1526 935 1584 sed
955 1526 1016 1581 riva
1039 1535 1148 1582 tantum
1168 1542 1235 1584 voce
1259 1529 1358 1586 tradita

214 1627 437 1689 conservataque.
457 1619 556 1676 Plures
570 1619 663 1690 specie
681 1617 815 1691 distingui
835 1617 925 1672 solent
941 1632 957 1672 a
979 1616 1115 1690 theologis
1133 1618 1291 1689 apostolicae
1304 1628 1360 1675 tra-

214 1710 348 1776 ditiones;
367 1725 464 1765 verum
482 1711 568 1782 huius
586 1710 676 1767 nostri
696 1709 817 1766 instituti
839 1725 896 1765 non
918 1715 962 1764 est
983 1708 1075 1764 uarias
1095 1708 1157 1764 illas
1177 1708 1359 1765 traditionum

214 1799 323 1871 species
336 1799 464 1870 persequi
477 1800 652 1866 acenodare;
670 1799 717 1855 bic
737 1799 812 1856 enirn
830 1800 866 1856 de
883 1800 1081 1857 traditionibus
1097 1816 1163 1857 vere
1182 1801 1287 1858 divinis
1305 1802 1360 1857 eis·

214 1890 333 1961 demque
350 1890 512 1963 dogmaticis
527 1906 617 1947 sermo
632 1899 740 1946 tantum
764 1891 873 1947 institui
895 1899 995 1963 potest.
1016 1893 1102 1948 Porro
1121 1892 1250 1948 catholici
1266 1901 1360 1949 tenent

216 1997 273 2037 non
297 1981 390 2037 emnia
413 1982 546 2038 doctrinae
567 1982 728 2038 christianae
752 1982 840 2053 capita
863 1983 950 2038 sacris
969 1982 1120 2054 Scripturis
1140 1983 1293 2051 contineri,
1313 1982 1360 2040 sed

216 2072 363 2137 nonnulla,
376 2089 410 2130 ex
428 2073 526 2129 eodem
543 2073 637 2128 divino
657 2071 732 2128 sonte
749 2072 887 2143 proiecta,
900 2072 935 2129 de
948 2088 1016 2128 aure
1029 2074 1058 2129 in
1077 2088 1172 2129 aurern
1189 2074 1252 2130 viva
1272 2075 1360 2130 solnm

216 2180 283 2220 voce
295 2165 396 2221 tradita
415 2164 515 2231 foisse;
534 2171 617 2234 atque
638 2162 707 2218 adeo
728 2172 825 2233 praetor
844 2161 1014 2235 Scriptorum
1034 2164 1197 2220 traditiones
1219 2165 1303 2221 etiam
1322 2165 1361 2220 di-

217 2253 296 2310 vinas
310 2264 449 2325 tamquam
462 2254 638 2311 revelationis
653 2253 773 2310 rivulum
789 2253 893 2309 habent
909 2270 941 2310 ac
954 2255 1121 2326 suscipiunt.

255 2343 312 2400 lloc
331 2344 430 2418 dogma
448 2344 616 2400 catholicum
636 2345 666 2398 in
685 2345 760 2400 hunc
779 2345 892 2400 modum
912 2346 1025 2417 exponit
1043 2345 1205 2402 Tridentina
1227 2347 1361 2420 synodus,

217 2435 253 2492 de
273 2436 469 2493 traditionibus
494 2436 595 2492 diuinis
617 2445 678 2492 tum
697 2435 731 2491 ad
757 2435 853 2503 tidem,
880 2446 940 2493 tum
962 2438 997 2493 ad
1022 2453 1114 2494 mores
1140 2437 1361 2509 pertinentibus,

217 2527 300 2584 verba
322 2526 448 2584 iaciens:
468 2546 483 2579 u
497 2528 729 2598 perspiciensque
753 2525 944 2600 (sacrosancta
964 2527 1101 2601 synodus)
1128 2529 1198 2583 banc
1218 2527 1362 2583 veritatem

219 2625 247 2673 et
264 2617 440 2688 disciplinam
459 2617 597 2673 contineri
614 2617 643 2672 ln
661 2617 740 2673 libris
760 2617 887 2688 scriptis,
908 2624 932 2674 et
954 2621 1013 2674 sinc
1028 2620 1131 2688 scripto
1151 2619 1361 2685 traditionibus,

189 2736 192 2741 ·
217 2723 281 2778 qnae
302 2707 392 2778 ipsius
415 2706 519 2763 Christi
542 2723 590 2764 ore
611 2707 646 2762 ab
663 2707 804 2779 Apostolis
830 2718 966 2780 acceptae,
990 2718 1039 2764 ant
1061 2709 1095 2764 ab
1118 2708 1258 2780 Apostolis
1280 2708 1363 2781 ipsis,

219 2797 327 2870 Spiritu
346 2805 441 2854 sancto
453 2798 589 2864 dictante,
604 2797 683 2869 quasi
696 2813 745 2869 per
762 2814 862 2855 manus
874 2799 1000 2865 traditae,
1014 2800 1048 2855 ad
1062 2816 1113 2857 nos
1127 2817 1215 2872 usque
1233 2817 1365 2873 pervene-

219 2897 304 2956 runt;
323 2888 539 2945 orthodoxorum
556 2891 669 2945 Patrnm
688 2891 813 2961 exempla
836 2898 945 2957 secuta,
967 2906 1064 2947 omnes
1082 2890 1170 2947 libros
1186 2900 1244 2946 tant
1262 2891 1365 2947 veteris

220 2995 302 3051 qnam
328 2979 391 3036 noui
411 2979 597 3044 Testamenti,
621 2995 684 3034 eum
704 2981 851 3051 utriusque
872 2996 947 3037 unus
968 2982 1042 3038 Deus
1062 2981 1099 3037 sit
1121 2990 1232 3050 auctor,
1258 2998 1366 3039 necnon

221 3069 384 3125 traditiones
403 3070 494 3141 ipsas,
512 3078 572 3125 turn
591 3071 625 3127 ad
643 3070 742 3138 iidem,
764 3079 824 3127 tum
848 3071 882 3127 ad
905 3087 997 3127 mores
1019 3071 1204 3144 pertinentes,
1225 3078 1367 3143 mnrquarn

221 3160 266 3216 rel
279 3176 326 3216 ore
339 3170 420 3216 tenus
438 3176 454 3214 a
470 3159 596 3226 Christo,
610 3160 654 3217 vel
667 3177 683 3216 a
696 3159 800 3232 Spiritu
815 3170 909 3217 sancto
927 3161 1057 3230 dictatas,
1073 3171 1101 3218 ct
1114 3163 1245 3218 coctione
1266 3179 1368 3218 succee-

222 3252 297 3307 cioce
309 3253 340 3306 ire
359 3251 479 3306 Ecclesia
497 3251 630 3306 catholice
648 3255 833 3316 conserentes,
855 3253 913 3324 pari
931 3251 1043 3324 pietatis
1056 3251 1156 3308 affectu
1169 3268 1201 3308 ac
1213 3253 1369 3310 reverentia

224 3343 342 3414 suscipit
359 3352 387 3399 ct
406 3350 555 3399 ueneratur
568 3339 653 3417 (2).»

260 3437 355 3507 ltaque
374 3451 408 3491 ex
427 3434 625 3491 catholicorum
641 3431 746 3504 judicio
764 3433 867 3504 duplex
879 3430 991 3490 omnino
1003 3431 1135 3488 doctrinae
1147 3432 1276 3489 revelatae
1293 3433 1369 3490 rivu-

225 3525 270 3582 lus
282 3525 472 3599 agnoscendus
485 3533 543 3589 est,
553 3523 710 3595 Scripturae
723 3524 858 3580 divinitus
875 3523 1017 3595 inspiratae
1030 3530 1059 3578 et
1069 3523 1243 3580 traditiones.
1257 3524 1370 3580 Protes-

225 3623 317 3672 tantes
330 3625 426 3672 contra
439 3615 518 3671 aiunt
530 3613 660 3670 universa
674 3615 817 3688 religionis
833 3613 943 3670 decreta
956 3613 987 3669 in
1000 3613 1152 3686 Scripturis
1166 3615 1273 3683 inesse;
1287 3624 1371 3686 atque

258 3802 301 3868 (1)
313 3802 358 3852 cti.
370 3803 467 3865 Canus,
476 3807 509 3854 De
520 3805 580 3854 locis
597 3802 735 3865 lbeolopicis
744 3839 751 3861 ,
759 3801 807 3852 lib.
819 3802 864 3866 1113
879 3801 1062 3863 Bellarminus’,
1080 3803 1238 3853 controvers.
1250 3804 1284 3851 Dc
1297 3802 1373 3852 uerbo

225 3886 269 3935 bei
277 3899 327 3932 noc
338 3887 443 3949 scripto,
456 3902 477 3937 c.
485 3885 528 3936 tv,
539 3884 577 3936 ct.
589 3885 617 3938 P.
625 3882 735 3935 Perrone
746 3885 863 3952 loquitur
873 3883 978 3952 quidem
992 3900 1049 3935 cum
1062 3884 1183 3935 Moehlero
1192 3882 1223 3934 dc
1235 3881 1374 3935 traditione

225 3966 376 4031 subjectiva,
388 3982 438 4032 quo
450 3967 481 4018 ad
495 3966 685 4021 distinctionem
700 3984 715 4018 a
732 3965 806 4018 nobis
823 3966 977 4019 declaratam
994 3973 1063 4017 recta
1074 3964 1133 4017 duci
1145 3964 1288 4027 debuissct;
1306 3970 1375 4015 atta·

226 4063 286 4098 men
304 4047 331 4098 in
344 4062 373 4097 eo
390 4048 489 4114 capite,
504 4050 572 4117 quod
588 4049 733 4120 inscripsit,
744 4053 778 4100 be
789 4052 931 4100 necessitate
941 4056 963 4099 et
975 4052 1106 4100 ecisteclio
1124 4051 1282 4109 traditionis,
1299 4047 1375 4116 plura

227 4128 330 4191 miscet,
349 4137 378 4182 ut
389 4130 429 4184 vel
442 4147 472 4182 ex
484 4132 539 4200 ipso
550 4135 627 4188 titulo
641 4142 726 4204 patet,
743 4150 801 4202 quae
816 4132 897 4184 satius
912 4131 1020 4185 discreta
1039 4131 1159 4203 fuisseut3
1173 4134 1256 4182 Tract.
1268 4133 1298 4182 de
1313 4133 1374 4182 lecit

227 4214 300 4263 theol.
313 4221 380 4280 part.
393 4214 429 4275 ΙΙ,
444 4221 504 4266 sect.
517 4214 554 4280 11,
567 4233 588 4267 c.
603 4223 627 4267 l.

262 4295 305 4361 (2)
323 4299 386 4346 Sese.
404 4297 445 4349 lv.
