3166 5168
420 376 669 420 narronanrsnuu
692 377 833 420 nrnmcuu
855 377 977 420 suarum
1000 377 1158 422 snunnnus.
1308 368 1366 427 155

218 531 274 587 ret,
295 520 368 592 quod
387 522 523 578 haetenus
544 522 680 593 ejusmodi
711 522 803 578 indole
822 531 850 578 et
868 523 1034 579 auctoritate
1053 524 1147 580 donati
1166 524 1293 593 fuerunt;
1310 526 1365 584 imo

218 613 242 668 si
260 612 304 667 vei
325 612 474 683 quidquam
500 615 634 671 momenti
657 613 795 670 diuturnae
815 614 1030 685 inveterataeque
1049 615 1096 670 isti
1123 618 1295 687 persuasioni
1314 621 1366 675 tri-

217 703 319 759 bueret
332 719 338 758 :
352 712 381 759 ut
397 704 483 770 enim,
507 704 595 774 quoad
621 704 682 774 ejus
704 703 764 759 steri
787 713 890 776 potest,
913 714 1033 760 mentem
1060 705 1170 775 penitus
1189 709 1365 766 abstrahere

217 794 343 850 doctrina
363 792 548 850 communiter
568 794 641 849 inter
664 793 831 849 christianos
845 803 969 865 recepta,
984 794 1141 865 Scripturas
1154 812 1224 867 quas
1241 798 1260 851 ii
1275 815 1368 856 sacras

218 892 320 941 vocant
339 884 436 942 eodem
458 884 517 940 ioco
538 884 639 941 habeat
658 899 774 940 necesse
791 891 835 940 est
856 899 911 954 quo
928 884 1067 954 quoslibet
1090 886 1174 956 prisci
1194 888 1244 942 aevi
1267 888 1367 957 libros,

218 990 336 1046 quorum
361 974 505 1030 authentia
528 975 583 1046 ipsi
613 975 735 1031 nondum
757 975 934 1046 comprobata
957 975 1005 1030 sit.
1029 975 1134 1032 Dubias
1157 993 1222 1050 ergo
1247 980 1368 1049 primurn

217 1080 323 1136 ponere
336 1064 419 1120 debet
431 1063 601 1135 Scripturas,
616 1064 704 1121 donec
719 1064 779 1120 suis
792 1065 1052 1138 investigationibus
1065 1082 1161 1122 earum
1173 1070 1367 1127 auctoritatem

219 1155 302 1227 piane
313 1163 484 1225 compertam
499 1153 635 1210 habuerit.
649 1153 709 1210 lam
723 1153 828 1209 dudum
847 1154 915 1209 iiiud
930 1156 1148 1225 protestantismi
1167 1160 1367 1215 consectarium

218 1244 451 1300 animadverterat
465 1244 644 1300 acutissimus
654 1245 821 1311 Bossuetns‚
835 1244 997 1315 dixeratque
1013 1247 1170 1302 uniuersam
1184 1247 1287 1304 Christi
1301 1251 1367 1306 reii-

218 1333 329 1407 gionem
347 1334 434 1389 veluti
459 1334 562 1389 aniiem
584 1333 704 1390 iabuiam
726 1334 945 1405 protestantibus
968 1351 1030 1391 esse
1052 1336 1168 1405 debere,
1183 1338 1269 1395 donec
1289 1340 1365 1396 iiiam

219 1423 327 1495 privato
341 1423 461 1479 examini
475 1424 646 1495 subjecerint
660 1422 721 1497 (i).

257 1513 352 1583 ltaque
371 1513 560 1584 inquisitionis
583 1514 697 1569 exitium
710 1512 781 1568 nihii
795 1512 997 1583 pertimescens
1017 1513 1136 1581 Semier,
1157 1517 1239 1590 idque
1258 1528 1366 1577 tantum

218 1618 321 1659 curans
335 1614 365 1659 ut
379 1604 458 1659 iiberi
472 1605 607 1660 examinis
621 1604 758 1675 principio
772 1604 941 1660 conveniens
955 1605 1070 1672 existat,
1084 1606 1170 1662 sumit
1184 1607 1238 1664 sibi
1252 1626 1366 1680 prorsus

219 1693 345 1764 ignotum
365 1694 621 1760 christianismum,
641 1694 750 1766 ignotos
769 1693 873 1764 pariter
892 1695 978 1750 libros
998 1695 1045 1764 qui
1070 1696 1131 1765 ejus
1150 1695 1275 1769 dogmata
1295 1700 1366 1755 reie-

219 1795 292 1841 rant.
312 1784 384 1853 Quid
403 1800 467 1858 ergo
487 1780 641 1858 agendum?
656 1783 811 1840 Occurrunt
830 1783 918 1854 primo
939 1785 1011 1855 apud
1029 1785 1196 1843 christianos
1217 1787 1366 1860 Scripturae

221 1890 283 1945 quae
295 1891 381 1930 sacrae
393 1874 533 1941 seruntur,
549 1889 721 1946 quarumque
734 1890 842 1930 summa
858 1875 939 1948 uulgo
952 1874 1054 1929 veteris
1068 1874 1237 1932 Testamenti
1254 1880 1366 1937 nomine

219 1965 306 2021 uenit.
327 1966 403 2020 itane
420 1975 463 2020 est
475 1964 560 2021 vero?
573 1964 615 2021 hn
633 1980 731 2036 reapse
748 1966 885 2037 integrum
904 1965 1038 2021 librorum
1057 1965 1167 2022 illorum
1188 1982 1289 2038 corpus
1309 1970 1366 2024 vim

219 2054 342 2111 divinam
356 2056 409 2111 sibi
424 2055 489 2126 jure
502 2056 600 2113 merito
615 2053 753 2112 vindicati
766 2055 932 2111 Asseverant
946 2056 1006 2121 isti,
1020 2064 1048 2109 at
1061 2071 1110 2129 ego
1128 2056 1199 2111 nihii
1216 2058 1285 2129 ipsis
1301 2059 1366 2117 [idei

219 2145 352 2201 adhibere
374 2161 499 2217 possum.
526 2146 584 2214 Qua
610 2157 703 2202 autem
728 2145 834 2201 ratione
858 2161 954 2200 verum
977 2146 1090 2200 tandem
1112 2147 1223 2219 assequi
1251 2148 1366 2207 licebit?

219 2237 305 2292 Aiunt
318 2252 418 2307 nempe
434 2236 521 2292 libros
535 2253 582 2293 eos
596 2236 774 2308 perantiquus
788 2251 865 2302 esse,
879 2244 907 2291 et
920 2234 1049 2306 primitus
1067 2252 1152 2307 penes
1168 2238 1275 2308 judaeos
1292 2240 1366 2297 solos

222 2327 358 2383 extitisse.
373 2326 475 2382 Suadet
490 2326 575 2400 igitur
585 2325 731 2397 prudentia
742 2325 885 2396 utjudaeos
899 2325 968 2381 istos
978 2324 1091 2392 adeam,
1106 2326 1140 2382 ab
1156 2327 1253 2399 eisque
1266 2344 1365 2401 expos-

223 2419 310 2474 tulem
330 2434 364 2474 an
384 2434 479 2474 revera
500 2416 651 2488 Scripturas
669 2416 723 2471 iiiae
747 2432 808 2487 quae
831 2417 898 2472 mihi
919 2417 1088 2489 objiciuntur
1110 2418 1210 2474 divinoe
1224 2419 1281 2474 sint
1299 2434 1365 2475 nee-

223 2524 268 2564 ne.
289 2508 471 2580 Experiamur
490 2524 579 2582 ergo:
602 2508 794 2581 «Fingamus,
816 2509 906 2580 inquit
930 2508 1047 2572 Semier,
1067 2509 1200 2564 viatorem
1218 2510 1364 2580 quemdam

222 2600 281 2655 veri
304 2599 486 2673 cognoscendi
509 2600 640 2670 cupidum
660 2615 667 2653 :
687 2598 792 2668 judeos
814 2599 841 2653 in
865 2599 1010 2654 Palaestina
1031 2607 1234 2655 commorantes
1255 2600 1363 2656 sincero

222 2691 315 2744 animo
334 2690 404 2759 petit
422 2688 457 2742 de
476 2703 591 2742 numero
611 2688 745 2742 librorum
759 2688 953 2744 canonicorum
973 2688 1192 2760 interrogaturus
1208 2689 1364 2746 :hiantem

223 2787 342 2848 quatuor
360 2787 387 2832 et
403 2776 502 2848 viginti
528 2775 614 2830 libros
632 2775 776 2831 hebraicos
798 2791 894 2833 omnes
916 2786 1071 2832 recensent.
1089 2776 1154 2835 Adit
1170 2793 1251 2849 porro
1270 2778 1364 2835 Sama·

223 2867 344 2933 rhenos,
371 2866 417 2937 qui
438 2867 530 2937 ipsum
551 2865 585 2920 ad
607 2865 729 2935 quinque
747 2865 846 2938 hioysis
871 2867 956 2922 libros
979 2875 1087 2922 tanturn
1107 2867 1232 2924 mittunt.
1253 2869 1364 2927 Postre-

223 2973 269 3014 mo
285 2956 480 3013 Alexandriam
498 2954 588 3027 pergit
608 2954 817 3025 judaeorumque
834 2955 873 3011 ibi
895 2955 1054 3027 degentium
1077 2958 1242 3013 seutentiam
1264 2969 1363 3032 rogat:

223 3047 244 3102 ii
269 3062 334 3104 vero
359 3047 423 3118 plus
446 3056 565 3116 quatuor
585 3055 613 3102 et
635 3045 733 3120 viginti
757 3046 891 3101 librorum
914 3061 1055 3102 sacrorum
1079 3058 1225 3104 numerant
1251 3047 1323 3122 (2).
1346 3069 1361 3103 n

222 3138 274 3195 his
293 3153 375 3211 porro
394 3137 447 3194 sibi
465 3135 601 3207 oppositis
620 3137 788 3192 testimoniis
806 3137 922 3202 auditis,
940 3152 1043 3208 anceps
1063 3137 1153 3194 haereo
1170 3139 1299 3196 nesciens
1317 3140 1362 3196 eui

222 3228 304 3286 fidem
320 3229 447 3286 habeam.
467 3227 634 3301 Peregrinus
653 3241 704 3300 ego
721 3243 784 3283 sum
801 3243 852 3283 nec
871 3228 1022 3299 quidquam
1039 3228 1074 3284 de
1093 3229 1172 3286 tibris
1191 3230 1254 3287 istis
1274 3233 1362 3287 novi:

221 3321 341 3378 sollicite
357 3330 450 3376 autem
466 3319 569 3392 rogatis
585 3318 620 3373 iis
633 3334 750 3389 quorum
768 3319 886 3390 gentiles
906 3335 969 3376 esse
985 3319 1128 3384 videntur,
1146 3335 1199 3375 non
1216 3321 1271 3377 nisi
1283 3321 1364 3376 testi-

221 3410 314 3467 monia
332 3410 405 3466 belle
422 3426 516 3466 seeum
532 3409 681 3484 pugnantia
698 3407 796 3465 refero.
814 3408 886 3476 Quid
904 3410 974 3464 mihi
994 3410 1035 3464 sie
1052 3408 1080 3464 in
1097 3410 1225 3482 ambiguo
1241 3412 1363 3467 versanti

221 3498 377 3555 iaciendum
395 3497 499 3555 restat?
513 3499 598 3567 Quid,
612 3514 720 3571 quaeso,
735 3499 789 3554 nisi
810 3508 841 3554 ut
858 3499 932 3555 uiam
949 3499 1070 3570 primum
1090 3499 1187 3555 initam
1207 3516 1269 3556 mox
1282 3501 1362 3558 dese-

220 3605 281 3645 ram
298 3589 407 3660 aiiaque
424 3598 528 3645 tentem
541 3591 598 3646 veri
613 3590 772 3646 inveniendi
792 3589 893 3645 media.
910 3589 988 3646 Mitto
1004 3588 1088 3661 igitur
1100 3589 1258 3645 testimonia
1275 3590 1363 3646 histo-

220 3681 294 3745 rica,
309 3689 388 3735 ratus
407 3679 478 3735 nihii
496 3679 561 3736 inde
578 3680 712 3736 librorum
731 3696 873 3737 sacrorum
893 3679 1095 3736 constituendae
1113 3679 1270 3735 auctoritati
1289 3680 1361 3738 firmi

220 3787 343 3842 unquam
363 3770 422 3826 erui
442 3785 524 3841 posse
538 3786 545 3825 :
561 3769 703 3826 «Planum
723 3780 781 3838 est,
799 3772 838 3826 ait
856 3781 967 3837 auctor,
986 3787 1020 3827 ex
1039 3770 1085 3826 his
1100 3770 1267 3828 testimoniis
1285 3788 1361 3829 mere

220 3860 362 3918 historicis
376 3858 446 3915 nibii
460 3859 533 3917 eirea
546 3860 681 3917 librorum
695 3859 814 3917 istorum
827 3861 1002 3917 divinitatem
1015 3860 1111 3916 confici
1123 3876 1205 3932 posse
1219 3859 1304 3936 (5).»

252 4031 294 4096 (i)
306 4030 362 4081 Vid.
376 4030 523 4095 confirmer
538 4047 597 4081 coac
612 4035 646 4081 ht.
666 4032 760 4082 Claude
774 4046 820 4081 sur
837 4033 864 4081 io
876 4032 977 4082 muliere
992 4033 1021 4083 de
1032 4028 1138 4099 i'h’qlise.
1153 4037 1215 4100 Opp.
1232 4035 1358 4096 Bossueti,

218 4113 360 4178 Besanqon,
372 4117 450 4174 1836,
463 4119 524 4163 tom.
537 4113 581 4174 iX,
596 4130 622 4181 p.
634 4117 665 4162 6¹1
677 4129 734 4180 sqq.

252 4194 295 4260 (i)
308 4198 379 4245 Freie
392 4195 580 4260 tiotereucitanq
591 4197 632 4246 des
645 4198 757 4256 Cottone,
770 4201 836 4263 pert.
850 4195 872 4258 i,
885 4211 911 4262 p.
925 4198 965 4246 28.

251 4279 293 4343 (ὅ)
307 4278 370 4328 ibid.
