3150 5160
484 375 615 419 ctnttuns
636 374 872 419 anaxannnmus.
1076 376 1080 382 ’
1210 361 1245 422 5Ῑ

109 523 164 588 lat;
183 521 258 594 atqui
278 521 350 577 hanc
371 535 434 578 esse
454 537 605 594 paucorum
627 528 655 577 et
677 520 833 577 doctiorum
858 528 966 576 tantum
991 519 1062 575 inter
1085 520 1254 579 christianos

109 614 214 684 ubique
230 612 371 684 praedicat,
387 612 460 683 quod
476 628 493 667 a
509 611 621 668 Christo
639 613 760 667 revelata
779 611 911 684 mysteria
929 625 984 665 non
1002 609 1094 665 omnia
1113 610 1142 665 in
1160 610 1254 682 Scrip-

109 703 184 759 turis
199 711 359 770 occurrant,
373 703 420 759 sed
436 703 497 760 vira
514 718 581 759 voce
595 718 683 774 penes
699 702 836 758 doctiores
853 717 902 771 per
921 701 1080 755 continuam
1098 703 1253 758 successio·

109 810 174 850 nem
195 802 372 851 asserventur
392 802 420 849 et
441 792 538 848 itidem
563 791 721 857 tradantur;
742 792 806 846 hinc
830 789 860 844 tn
884 790 983 860 utqui
1007 790 1119 860 plenius
1141 790 1252 847 edoceri

109 884 212 951 uelint,
227 883 337 940 existis
353 883 547 956 mysteriorum
564 880 735 937 intellectum
749 895 872 951 quaerere
891 879 1010 934 debeant
1024 877 1081 952 (l).
1095 879 1254 947 Quodcum-

109 991 165 1046 que
176 983 269 1030 autem
280 974 315 1030 de
329 974 379 1029 bac
393 973 545 1029 Clementis
557 972 635 1044 guasi
648 970 785 1041 judicium
799 969 912 1031 tuleris,
926 970 954 1024 id
970 979 1063 1025 tamen
1081 971 1144 1025 inde
1157 971 1255 1028 confici

109 1081 166 1121 non
185 1064 343 1138 negaveris,
357 1081 390 1119 ex
409 1063 499 1134 ipsius
515 1062 652 1120 sententia
669 1062 887 1119 christianorum
903 1060 1063 1132 dogmatum
1081 1060 1253 1117 intellectum

109 1171 168 1212 non
187 1171 220 1211 ex
242 1154 393 1226 Scripturis
415 1154 510 1220 modo,
530 1153 697 1220 sedetiam,
717 1152 876 1223 etquidem
895 1151 1027 1217 maxime,
1049 1167 1083 1206 ex
1106 1151 1255 1210 traditione

108 1261 174 1302 esse
192 1245 353 1318 petendum.

146 1336 248 1391 Verum
261 1333 415 1407 praesertim
431 1334 460 1388 iu
473 1334 521 1389 lib.
536 1333 584 1389 vll
601 1349 679 1389 mens
697 1331 847 1389 Clementis
861 1332 933 1388 circa
950 1333 1115 1401 Ecclesiam,
1129 1334 1253 1407 Scriptu-

107 1442 156 1483 ras
166 1436 194 1483 et
207 1426 334 1482 haeresim
348 1427 501 1481 luculenter
512 1433 635 1497 apparet.
647 1424 737 1493 Quum
750 1423 824 1479 enim
837 1439 871 1478 ex
885 1424 920 1479 iis
929 1439 991 1495 quae
1003 1424 1077 1479 inter
1088 1424 1254 1482 christianos

106 1518 294 1575 cernebantur
310 1516 395 1572 sectis
411 1524 439 1571 et
456 1515 609 1572 haeresibus
627 1515 800 1570 occasionem
814 1513 938 1585 arripere
955 1514 1078 1571 solerent
1094 1515 1201 1571 ethuici
1224 1516 1254 1571 iu

105 1608 226 1665 dubium
244 1605 362 1663 vocandi
384 1605 526 1679 religionis
544 1605 701 1661 christianae
722 1604 864 1676 dogmata,
886 1604 958 1674 quod
982 1620 1082 1676 nempe
1103 1606 1151 1661 alii
1174 1607 1255 1663 aliter

105 1699 257 1763 sentirent;
273 1707 302 1754 ut
331 1699 401 1753 hanc
420 1697 538 1752 solveret
560 1695 763 1762 difficultatem,
779 1695 909 1750 Ecclesiae
926 1711 958 1751 ac
976 1695 1113 1752 haereseos
1132 1697 1255 1753 indolem

105 1787 236 1859 depingit
257 1786 399 1854 Clemens,
422 1796 504 1858 atque
525 1787 562 1840 ita
585 1793 721 1841 monstrat
740 1800 793 1840 non
817 1800 904 1855 penes
927 1785 1071 1841 haereticos
1092 1787 1141 1841 sed
1167 1802 1252 1857 penes

107 1878 261 1935 Ecclesiam
284 1887 392 1933 tantum
418 1893 479 1933 esse
505 1876 608 1933 Christi
633 1876 805 1948 religionem.
827 1874 873 1931 Sic
894 1875 987 1946 itaque
1007 1877 1150 1946 loquitur:
1167 1878 1254 1933 «Pri

106 1986 186 2026 mum
205 1985 270 2040 ergo
294 1970 346 2024 hoc
365 1968 499 2024 adversus
523 1983 574 2024 nos
592 1967 746 2030 adducunt,
767 1965 892 2022 dicentes
913 1982 967 2022 non
991 1977 1119 2037 oportere
1142 1968 1255 2024 credere

106 2068 222 2132 propter
239 2058 443 2114 dissensionem
463 2058 611 2114 haeresium
631 2073 638 2112 :
657 2055 787 2112 distrahit
806 2055 880 2110 enim
900 2072 951 2112 nos
971 2072 1003 2112 ac
1021 2056 1152 2130 defatigat
1170 2059 1255 2114 etiam

105 2153 170 2223 ipsa
190 2150 306 2216 veritae,
324 2149 391 2205 dum
412 2149 460 2204 alii
479 2149 534 2204 alia
553 2148 727 2204 constituunt
745 2147 872 2220 dogmata
892 2145 948 2220 (ἲ).
962 2166 976 2199 n
997 2147 1122 2203 Primum
1142 2148 1255 2219 quidem

106 2240 259 2310 respondet
280 2238 408 2295 Clemens
430 2248 458 2295 et
480 2239 552 2310 apud
575 2236 684 2294 ludaeos
707 2246 735 2292 et
760 2237 833 2308 apud
859 2237 1039 2308 philosophos
1065 2238 1185 2295 haereses
1206 2250 1255 2298 aut

106 2329 299 2386 dissensiones
314 2345 389 2396 esse,
405 2329 453 2400 qni
467 2329 528 2384 ideo
541 2337 632 2383 tamen
648 2343 703 2383 uon
716 2325 838 2382 latentur
855 2337 970 2383 autnon
987 2328 1254 2400 philosophandum,

107 2420 204 2476 autin
224 2420 325 2476 erratis
347 2419 453 2475 versari
473 2418 611 2489 judaicam
633 2417 809 2490 religionem;
835 2415 968 2489 praeterea
985 2417 1114 2474 Christus
1135 2420 1255 2476 haereses

110 2511 171 2568 iore
195 2511 335 2581 praedixit,
355 2511 478 2580 adeoque
500 2509 571 2563 nihil
593 2509 648 2564 illae
665 2522 774 2562 movere
794 2506 896 2562 debent
916 2523 923 2563 :
940 2528 954 2560 «
973 2508 1044 2563 Num
1064 2524 1143 2581 ergo,
1167 2511 1256 2583 pergit

111 2602 186 2672 ipse,
203 2601 226 2654 si
244 2602 307 2671 quis
324 2607 408 2670 pacto
429 2606 560 2655 conuento
576 2616 632 2654 noo
646 2599 839 2658 obsonavere.
858 2605 882 2652 ct
898 2604 1082 2668 trooaqreasos
1097 2600 1180 2667 suerit
1196 2617 1256 2655 eant

110 2705 173 2760 quta
188 2691 219 2757 fit
235 2691 311 2758 opad
326 2706 376 2743 noa
388 2690 589 2755 consessionem·
602 2697 715 2759 propter
727 2706 787 2744 earn
801 2691 848 2759 qai
860 2691 998 2744 constetit
1011 2706 1066 2744 sac
1079 2691 1255 2760 professioni,

112 2779 316 2834 abstinebimus
343 2793 394 2832 nos
420 2793 528 2847 quoque
553 2794 568 2832 a
593 2777 730 2836 veritate?
758 2779 810 2835 Sed
834 2788 864 2834 ut
889 2787 997 2849 oportet
1021 2779 1112 2833 virum
1139 2780 1256 2849 probum

116 2867 232 2923 minime
254 2883 317 2922 esse
344 2866 520 2932 mendacem,
544 2875 571 2921 et
595 2867 666 2921 nihil
688 2867 827 2924 infirmare
845 2884 940 2924 eorum
962 2884 1023 2938 quae
1041 2868 1181 2939 pollicitus
1200 2878 1255 2935 est,

114 2957 225 3014 etiamsi
244 2957 328 3028 aliqui
349 2956 395 3011 alii
412 2965 489 3027 pacta
507 2965 639 3012 conventa
657 2957 814 3011 transiliant
829 2973 835 3012 :
850 2960 891 3012 ito
906 2974 955 3013 ooo
969 2967 1072 3029 quoqne
1089 2960 1258 3016 nullomodo

113 3050 238 3103 convenit
255 3048 396 3102 transilire
412 3048 534 3116 requiam
555 3048 759 3101 cocleriuaticom
780 3045 864 3120 (5).»

156 3139 326 3195 Luculenter
343 3138 465 3210 prolecto
481 3153 512 3192 ac
532 3138 653 3208 perbelle
669 3137 713 3192 his
732 3139 826 3208 paucis
848 3139 941 3195 verbis
958 3140 1119 3210 complexus
1137 3150 1180 3196 est
1197 3140 1257 3197 Cle-

115 3243 196 3283 mens
210 3243 241 3282 ea
256 3229 346 3283 omnia
357 3244 419 3299 quae
432 3226 466 3282 ad
486 3227 665 3282 christianam
679 3229 840 3284 methodum
859 3240 986 3301 spectant
1000 3246 1006 3285 :
1022 3230 1127 3286 confert
1141 3248 1260 3303 namque

116 3316 198 3372 sidem
211 3317 264 3371 viri
282 3318 427 3374 christiani
444 3334 508 3373 curn
523 3327 603 3389 pacto
618 3319 735 3389 quodam
754 3321 845 3390 iurato
862 3321 934 3391 quod
951 3337 1006 3377 non
1024 3323 1143 3393 amplius
1158 3323 1259 3377 transi-

117 3408 169 3462 lire
183 3407 223 3462 las
240 3417 297 3473 est,
312 3417 339 3464 et
354 3418 465 3480 pactum
480 3408 547 3463 illud
570 3409 695 3480 agnoscit
712 3411 740 3463 in
757 3410 946 3465 ecclesiastiea
967 3411 1090 3482 regulaa
1107 3410 1259 3467 christiano

115 3507 253 3569 suscepta.
274 3498 339 3554 lude
355 3499 499 3555 conficitur
518 3514 552 3554 ex
568 3498 720 3554 Clementis
739 3499 875 3554 sententia
893 3515 1068 3571 nequaquam
1087 3500 1193 3570 priuato
1210 3517 1259 3556 cu-

114 3589 217 3661 jusque
227 3588 331 3660 judicio
344 3599 392 3646 aut
404 3588 523 3645 examini
540 3590 675 3661 permissa
692 3589 833 3663 religionis
850 3589 991 3664 dogmata,
1006 3589 1054 3645 sed
1067 3605 1099 3644 ea
1115 3591 1149 3646 ab
1165 3600 1260 3648 aucto-

152 3793 198 3858 (1)
209 3795 300 3842 Strom.
312 3789 358 3840 lib.
370 3791 392 3848 l,
409 3808 435 3858 p.
448 3796 509 3851 323,
523 3796 585 3850 324,
598 3790 645 3840 lib.
658 3791 704 3852 vl,
720 3809 746 3860 p·
761 3796 809 3843 682
820 3809 893 3861 sqq„
906 3798 964 3844 tlt.

152 3875 196 3937 (Ξ)
208 3878 299 3924 strom.
312 3871 358 3922 lib.
371 3873 428 3932 Vll,
441 3889 462 3923 c.
476 3878 522 3932 15,
535 3889 562 3939 p.
575 3874 694 3924 886-887.

158 3959 202 4021 (5)
214 3971 228 4004 tt
241 3955 305 4008 Μητι
328 3952 384 4013 aba,
402 3953 422 4003 ei
445 3971 488 4003 και
507 3950 635 4022 repedate
656 3971 691 4013 τις
708 3954 924 4024 dunhamstede
940 3955 1125 4026 τηνὸμολογιαν
1143 3961 1264 4029 rapothae

117 4054 161 4090 την
170 4054 229 4104 προς
246 4036 326 4102 ἡμας,
345 4027 388 4082 δια
400 4055 441 4088 τον
458 4036 609 4102 praeceptrice
627 4056 671 4092 την
688 4035 840 4106 ὸμολογιαν,
860 4038 1006 4107 &pelopem
1022 4059 1065 4099 της
1086 4041 1207 4100 diabatae
1220 4057 1264 4090 και

113 4118 196 4184 npetu
213 4118 269 4168 ἀλλ’
292 4119 324 4176 ὡς
346 4111 457 4181 adeodato
474 4138 522 4187 χρη
539 4138 581 4170 τον
597 4120 703 4178 iareah,
726 4136 769 4168 και
791 4112 865 4187 μηδεν
880 4122 912 4170 ὠν
929 4137 1064 4184 υπεσχηται
1081 4121 1200 4191 ἀκυρουν,
1216 4139 1264 4187 aqu

118 4199 193 4249 ἄλλοι
210 4217 270 4259 τινες
286 4196 459 4269 παραῧαινωσι
472 4203 610 4260 conbuxer-
630 4201 708 4259 οὑτως
725 4218 769 4251 και
787 4203 853 4269 ἡμας
868 4221 935 4254 κατα
954 4196 1047 4271 μἠδενα
1060 4222 1149 4272 τροπον
1167 4223 1208 4255 τον
1226 4221 1265 4253 ικ-

118 4286 297 4335 κλησιαστικον
314 4277 473 4351 repedantem
491 4299 608 4350 apocnart
625 4300 729 4334 κανονα.
741 4301 754 4334 n
765 4286 825 4336 ibid.
837 4301 862 4352 p.
873 4290 930 4337 88¹1.
