3150 5160
210 375 269 435 180
532 390 657 433 estnon.
679 388 810 432 mutuent
833 387 1033 433 oncantsubs.

751 567 809 640 qa.

346 822 533 864 iheronimus
552 823 568 861 Α
587 821 698 865 cnnlsro
717 823 836 865 CONDITAE
854 820 1017 864 OEGANISEUS
1035 819 1215 861 DECLAlthlJE.

161 1044 163 1053 ⁴
238 1046 378 1102 Hactenus
390 1044 545 1118 generalem
560 1046 733 1102 auctoritatis
747 1061 762 1100 a
776 1044 886 1102 Christo
900 1044 1034 1100 institutae
1047 1051 1172 1099 naturam
1186 1058 1218 1098 ac
1231 1042 1349 1100 indolem

210 1137 401 1211 indagavimus
415 1137 540 1208 hancque
563 1136 673 1192 lirmare
693 1152 725 1191 ac
742 1135 883 1191 illustrare
896 1134 1063 1192 studuimus.
1081 1133 1117 1189 ht
1136 1133 1286 1189 auctoritas
1303 1133 1349 1190 illa

211 1227 351 1299 quidpiam
370 1227 502 1283 abstracti
520 1242 574 1282 uon
595 1234 652 1293 est,
674 1225 722 1282 sed
741 1225 872 1297 quoniam
891 1242 976 1297 penes
996 1224 1123 1280 homines
1140 1224 1270 1290 habetur,
1289 1223 1348 1280 vivo

211 1318 321 1389 sibique
336 1317 446 1389 proprio
464 1317 621 1390 organismo
638 1317 752 1388 predita
770 1317 892 1372 cernitur
905 1332 959 1388 quo
977 1315 1166 1371 intercedente
1186 1314 1279 1370 munia
1298 1315 1349 1371 sibi

211 1405 356 1462 abomino
372 1405 528 1462 concredita
548 1404 637 1462 obeat.
655 1405 683 1460 ls
701 1420 765 1480 ergo
781 1406 955 1479 organismus
968 1421 1043 1460 nunc
1064 1405 1160 1476 paucis
1172 1404 1352 1460 declarandus

211 1497 298 1552 venit.

249 1587 280 1641 ln
305 1595 382 1658 parte
407 1585 539 1643 historica
563 1585 685 1642 vidimus
709 1585 851 1643 Christum
874 1586 992 1660 elegisse
1017 1585 1164 1657 Apostolos
1188 1585 1235 1656 qui
1261 1584 1349 1642 divina

211 1677 374 1733 auctoritate
392 1676 535 1742 instructi,
549 1675 610 1731 vice
622 1676 745 1744 Domini,
762 1677 879 1749 populos
901 1677 1081 1732 instituerent
1099 1691 1131 1731 ac
1150 1675 1351 1742 instaurarent,

212 1777 241 1824 et
263 1784 343 1839 porro
366 1768 418 1822 sibi
444 1767 497 1839 ipsi
523 1768 652 1838 probatos
675 1766 749 1822 viros
776 1767 934 1824 sufficerent
958 1767 1060 1838 quihus
1084 1766 1159 1822 idem
1180 1766 1350 1822 incumberet

211 1858 335 1915 divinum
353 1874 467 1924 munus,
482 1858 585 1929 quique
599 1857 683 1911 simili
704 1857 811 1913 ratione
828 1857 956 1911 homines
974 1855 1008 1910 ad
1025 1855 1167 1910 veritatem
1187 1855 1350 1910 adducerent

210 1950 398 2021 adductosque
411 1958 538 2024 regerent
548 1964 580 2004 ac
593 1948 810 2004 moderarentur.
827 1946 893 2002 lude
906 1954 999 2001 autem
1011 1954 1070 2001 orta
1084 1944 1233 2000 christiana
1247 1945 1350 1999 hierar-

211 2040 288 2104 chia,
303 2056 363 2110 quae
376 2039 446 2094 uihil
461 2039 536 2094 aliud
550 2046 593 2094 est
605 2053 687 2110 quam
705 2037 857 2094 auctoritas
873 2037 996 2093 exterius
1007 2035 1115 2106 prodita
1129 2045 1156 2091 et
1169 2036 1329 2105 organizetur
1341 2052 1349 2088 ι

211 2130 245 2184 ad
270 2131 342 2184 hanc
361 2129 461 2200 saepius
484 2129 657 2201 appellavere
677 2129 778 2184 Patres
799 2128 952 2199 praesertim
975 2125 1136 2198 apostolici,
1158 2125 1205 2197 qui
1225 2124 1349 2181 Ecclesiae

212 2219 404 2275 auctoritatem
418 2236 472 2275 nou
485 2221 677 2285 inabstracta,
693 2221 741 2276 sed
754 2221 785 2273 in
798 2223 930 2284 concreto,
945 2217 998 2272 hoe
1011 2225 1065 2283 est,
1081 2225 1163 2287 prout
1176 2215 1205 2269 in
1219 2214 1351 2286 episcopis

212 2307 398 2377 conspicitur,
418 2316 543 2378 spectare
560 2323 591 2363 ac
610 2308 681 2363 tueri
700 2317 909 2365 consueverant.

250 2395 490 2467 Supervacaneum
503 2396 615 2453 videtur
628 2397 815 2469 peculiaribus
828 2397 1000 2472 argumentis
1015 2395 1178 2452 hierarchiae
1191 2394 1351 2452 ecclesiasti-

212 2501 251 2542 eae
272 2487 408 2542 rationem
430 2503 462 2542 ao
482 2487 677 2543 necessitatem
699 2488 886 2555 constituere;
910 2505 964 2560 quo
987 2487 1062 2543 enim
1083 2487 1146 2558 jure
1173 2496 1228 2542 stat
1253 2486 1350 2543 Christi

212 2575 348 2641 Ecclesia,
369 2577 465 2632 eodem
484 2576 611 2633 consistit
633 2577 803 2645 hierarchia;
824 2579 916 2635 divina
936 2577 1037 2649 quippe
1059 2577 1190 2633 Ecclesiae
1207 2577 1351 2634 auctoritas

213 2667 274 2722 sine
286 2667 380 2722 divino
397 2683 506 2739 quoque
524 2667 620 2723 ordine
637 2669 713 2723 nulla
730 2669 893 2741 concipitur.
913 2668 983 2724 llinc
1001 2668 1055 2739 ipsi
1073 2675 1272 2738 protestantes,
1290 2682 1351 2738 que·

214 2756 407 2824 madmodum,
425 2767 597 2832 repugnante
617 2759 740 2830 ipsorum
760 2760 910 2832 principio,
925 2759 1072 2831 quamdam
1092 2759 1121 2814 in
1140 2760 1218 2831 pravi
1237 2758 1351 2815 auctori-

214 2856 300 2902 tatem
326 2858 514 2921 agnoverunt,
538 2849 576 2905 ita
602 2858 630 2907 et
652 2851 836 2909 hierarchiam
861 2852 1002 2923 aliquam,
1028 2850 1211 2906 adulteratam
1237 2850 1301 2906 lieet
1323 2863 1352 2904 ac

214 2937 356 3004 mutilam,
375 2948 554 2995 servaverunt
572 2950 620 2996 aut
639 2957 749 2997 servare
768 2942 858 2998 conati
877 2950 951 2998 suut.
972 2940 1051 2996 Illius
1070 2941 1266 2996 necessitatem
1282 2954 1352 2996 asse-

214 3035 293 3080 verat
313 3036 396 3099 atque
418 3039 617 3086 commonstrat
638 3030 717 3104 Hugo
740 3031 852 3089 Grotius
871 3032 900 3087 in
921 3032 995 3088 huuc
1019 3032 1157 3087 modum:
1180 3030 1279 3088 «Ordo
1299 3031 1354 3087 sive

215 3116 245 3171 in
267 3117 391 3187 partibus
414 3120 473 3174 sive
495 3120 524 3174 in
546 3129 604 3176 toto
626 3121 784 3177 continetur
806 3122 961 3193 principatu
982 3122 1116 3193 quodam,
1137 3121 1195 3177 sive
1218 3119 1355 3194 praepositi

217 3205 364 3262 unitate...
383 3208 435 3264 llio
448 3209 514 3265 ordo
528 3225 638 3281 semper
651 3212 680 3265 in
694 3210 816 3268 Ecclesia
830 3228 941 3268 manere
954 3213 1048 3277 debet,
1063 3213 1127 3284 quia
1144 3229 1255 3284 semper
1267 3221 1355 3269 manet

217 3311 315 3364 causa,
330 3297 357 3353 id
375 3307 418 3353 est
436 3298 589 3370 periculum
609 3302 767 3361 schismatis
784 3300 864 3376 (1).»
879 3304 952 3359 Alibi
971 3305 1073 3374 pariter
1088 3304 1149 3359 ait:
1164 3323 1179 3356 u
1190 3303 1268 3360 Sicut
1279 3320 1355 3360 erer-

218 3388 309 3456 citus‚
330 3388 402 3445 sicut
426 3391 504 3446 navis
530 3391 588 3464 regi
611 3408 666 3449 non
692 3403 782 3465 potest
804 3394 859 3449 nisi
881 3410 931 3464 per
955 3393 1056 3467 gradus
1079 3392 1287 3465 praefectorum,
1309 3395 1356 3466 qai

217 3479 321 3547 prodas
333 3482 364 3535 ia
379 3497 467 3535 acaum
480 3482 621 3548 desiccant,
636 3483 673 3537 ita
692 3499 744 3541 nec
763 3483 896 3540 Ecclesia.
917 3482 1032 3538 Etiamsi
1050 3499 1159 3550 omnes,
1179 3485 1227 3555 qui
1247 3483 1356 3540 suntin

217 3569 355 3637 Ecclesia,
369 3581 464 3626 esseut
480 3572 627 3628 dilectione
644 3590 752 3629 summa
772 3572 893 3645 praediti,
908 3581 999 3629 tamen
1019 3574 1067 3629 tali
1083 3573 1180 3629 ordine
1193 3583 1267 3630 esset
1280 3588 1355 3644 opus.

218 3660 292 3716 Deus
308 3678 364 3718 non
383 3671 456 3718 amat
475 3661 564 3718 lacere
584 3678 694 3735 semper
712 3664 860 3731 miracula,
875 3662 924 3718 sed
943 3664 977 3719 ad
991 3681 1036 3720 res
1054 3665 1172 3736 optimas
1185 3665 1270 3720 etiam
1288 3662 1356 3735 opti·

220 3754 279 3803 mas
292 3760 428 3806 monstrat
440 3752 512 3816 vias,
527 3753 616 3824 qualis
631 3762 672 3809 est
685 3753 720 3808 ad
734 3755 867 3810 unitatem
883 3755 1014 3811 Ecclesiae
1025 3765 1118 3812 certus
1131 3755 1198 3811 ordo
1213 3754 1294 3829 (ila

260 3836 329 3904 Quis
349 3840 433 3914 igitur
454 3843 613 3899 autoritatis
632 3843 763 3900 Ecclesiae
786 3844 976 3918 organismus‘?
994 3861 1055 3918 quae
1077 3842 1249 3901 hierarchia?
1269 3843 1356 3911 Quum

222 3930 274 3986 hoc
287 3930 346 3985 loco
359 3939 467 3989 tantum
482 3933 628 4005 loquamur
645 3935 679 3990 de
691 3935 847 3992 hierarchia
869 3944 1006 4009 quatenus
1023 3936 1052 3990 iu
1066 3952 1098 3991 ea
1111 3944 1140 3992 ct
1156 3950 1206 4007 per
1219 3951 1280 3991 eam
1297 3951 1357 3990 cort-

222 4025 295 4075 crcta
307 4017 424 4076 efficitur
439 4024 588 4080 auctoritas
601 4040 616 4078 a
630 4023 741 4082 Christo
753 4025 897 4095 instituta,
911 4027 1058 4085 dicendum
1069 4035 1112 4084 est
1130 4026 1207 4083 illam
1225 4025 1355 4100 episcopis

254 4210 298 4274 (1)
314 4212 399 4259 Votum
409 4225 457 4273 pro
466 4225 535 4272 pace,
548 4210 588 4261 ad.
599 4219 647 4262 art.
658 4214 709 4263 vll.

255 4290 298 4356 (a)
316 4294 447 4344 Auirncdo.
461 4295 489 4342 iu
498 4294 624 4344 animadv.
638 4298 715 4347 ilicet.
729 4295 768 4346 ad.
782 4287 835 4349 hrt.
849 4297 900 4348 vll.
