3150 5160
268 342 306 384 nn
326 342 478 385 sorranus.
501 341 653 386 nocrnrua
668 345 705 387 nr
720 346 1004 391 rnrnnrnumrronn.
1143 333 1204 391 aba

69 485 171 556 eloquia
191 484 272 541 aliter
292 495 375 558 atque
396 487 478 542 aliter
496 486 569 542 alius
587 489 752 558 atquealius
768 491 979 562 interpretatur,
1000 499 1031 548 ut
1051 505 1122 562 pene
1140 503 1206 563 quot

70 575 191 632 homines
213 584 295 643 sunt,
317 586 359 633 tot
378 577 456 632 illinc
478 576 622 632 sententiae
640 577 700 633 erui
720 595 802 649 posse
818 579 972 635 videantur.
992 580 1082 650 Atque
1103 579 1206 636 idcirco

70 666 181 721 multum
199 681 313 723 necesse
325 676 382 735 est,
398 675 509 738 propter
526 675 617 722 tantos
633 676 690 724 tam
704 669 773 723 varii
792 669 896 725 erroris
916 669 1069 735 anlractns,
1094 677 1125 724 ut
1142 685 1206 741 pro-

69 755 180 826 pheticae
205 764 233 811 et
256 758 414 828 apostolicae
439 757 676 829 interpretationis
698 758 772 815 linea
798 759 950 817 secundum
972 757 1153 816 ecclesiastici
1178 770 1206 815 et

69 846 192 902 catholici
205 862 305 902 sensus
318 863 443 903 normam
458 847 593 922 dirigatur
611 845 671 920 (ll.
685 867 700 900 n

99 936 177 1005 Quod
200 938 224 994 si
246 953 311 995 vero
337 954 534 1010 nonnunquam
557 938 664 994 accidat
688 948 718 995 ut
739 942 836 998 Patres
859 941 1029 1011 Scripturam
1052 940 1155 995 claram
1177 947 1205 993 et

67 1037 186 1100 apertam
201 1029 365 1099 praedicent,
381 1029 409 1084 id
422 1029 601 1084 verissimum
618 1045 681 1086 esse
702 1039 729 1086 et
742 1046 793 1087 nos
810 1031 940 1096 dicimus,
955 1031 1104 1086 dummodo
1120 1030 1205 1101 probe

68 1127 209 1173 teneantur
222 1134 253 1174 ea
266 1136 326 1190 quae
339 1119 552 1186 constituimus;
566 1119 663 1175 eadem
679 1130 771 1176 autem
790 1122 886 1178 Patres
900 1122 1002 1192 saepius
1015 1131 1063 1177 aut
1076 1121 1204 1191 explicite

66 1218 91 1264 et
109 1210 249 1280 conceptis
268 1210 360 1266 verbis
379 1209 508 1277 tradunt,
531 1218 579 1265 aut
605 1220 739 1282 perpetuo
761 1211 796 1268 ob
819 1213 914 1269 oculos
939 1213 1042 1268 habent
1063 1221 1145 1283 atque
1170 1212 1204 1266 ad

65 1299 195 1354 amussim
215 1308 374 1366 sectantur,
395 1302 497 1373 quippe
516 1300 564 1371 qui
584 1300 614 1355 in
633 1302 783 1358 christiana
800 1303 923 1360 Ecclesia
936 1303 1057 1359 instituti
1070 1319 1103 1359 ac
1114 1302 1204 1358 edocti

64 1390 171 1447 fuerant
184 1399 266 1463 atquc
280 1392 309 1446 in
326 1393 422 1448 eadem
443 1391 667 1464 perseverabant.

98 1483 184 1539 Porro
201 1498 367 1554 quamquam
385 1485 413 1539 in
436 1485 481 1538 his
500 1482 706 1541 constituendis
730 1484 793 1541 novi
817 1483 986 1541 Testamenti
1007 1483 1092 1539 libros
1116 1482 1204 1554 potis-

64 1572 163 1628 simum
185 1574 408 1644 respexerimus,
433 1573 518 1629 simili
542 1582 635 1630 tamen
659 1590 745 1646 prope
769 1575 878 1632 ratione
899 1574 933 1630 ad
958 1572 1062 1629 veteris
1080 1571 1204 1628 Eoederis

63 1662 218 1734 Scripturas
237 1679 268 1719 ea
288 1673 354 1720 sunt
375 1664 632 1721 accommodanda:
654 1681 755 1723 sensus
774 1681 893 1736 namque
913 1664 960 1736 qui
980 1662 1008 1718 in
1027 1660 1140 1732 antiqua
1157 1659 1204 1730 ju-

62 1754 181 1810 daeorum
200 1770 334 1828 synagoga
348 1754 481 1823 judaicos
497 1754 599 1820 inerat,
621 1757 723 1827 quique
741 1755 808 1813 lacis
827 1756 916 1812 instar
933 1754 1027 1810 aderat
1046 1750 1202 1821 Scripturas

62 1844 245 1901 illuminantis
267 1861 299 1901 ac
316 1845 499 1911 illustrantis,
522 1845 550 1900 in
574 1844 679 1903 Christi
701 1847 854 1903 Ecclesiam
877 1861 930 1902 una
950 1860 1013 1900 cnm
1035 1843 1130 1898 eadem
1150 1841 1203 1896 hac

61 1949 195 2008 synagoga
212 1937 362 1991 translatus
378 1945 432 2000 est,
445 1936 668 2008 christianosque
687 1937 774 1994 lactus
787 1939 859 1992 viam
875 1936 1005 2006 deinceps
1019 1935 1047 1990 in
1064 1934 1202 2003 interpre-

61 2024 152 2081 tandis
165 2025 316 2096 Scripturis
328 2036 521 2097 praemonstrat
534 2029 692 2083 christiano
707 2028 836 2083 Ecclesiae
849 2026 923 2083 tiliis.
940 2025 1049 2081 Etenim
1065 2039 1126 2095 quac
1138 2032 1202 2078 ante

61 2114 204 2172 Christum
226 2125 285 2172 erat
307 2133 442 2191 synagoga
464 2126 492 2173 et
514 2117 547 2172 ab
570 2117 631 2189 ipso
655 2118 763 2173 condita
786 2119 904 2174 societas
925 2131 1099 2188 nequaquam
1120 2113 1200 2179 duae,

61 2206 138 2262 nullo
156 2207 371 2263 necessitudinis
390 2216 438 2262 aut
456 2207 647 2264 continuitatis
665 2207 774 2264 vinculo
794 2207 962 2279 conjunctae,
982 2205 1106 2263 ecclesiae
1119 2212 1200 2269 sunt,

60 2296 109 2352 sed
130 2312 185 2352 una
203 2296 355 2368 eademque
372 2297 508 2364 Ecclesia,
527 2297 639 2353 nomine
663 2298 727 2354 licet
748 2314 781 2354 ac
800 2298 926 2364 dotibus,
946 2305 1028 2369 prout
1047 2293 1205 2367 postulabat

61 2386 154 2442 divina
173 2387 324 2459 sapientia,
340 2388 420 2462 longe
439 2387 596 2460 disparibus
615 2389 745 2461 proedita3
766 2399 793 2446 et
812 2397 956 2461 propterea
974 2383 1205 2459 quemadmodum

59 2478 180 2549 antiquae
193 2495 336 2554 synagogae
351 2490 429 2535 erant
442 2479 592 2550 scripturae
602 2479 672 2546 illae,
684 2481 837 2551 harumque
850 2479 957 2549 eloquia
971 2474 1109 2532 extraneis
1125 2488 1205 2544 pere-

59 2569 138 2643 grina
152 2568 347 2633 cernebantur,
358 2570 396 2624 ita
409 2578 437 2625 et
446 2568 606 2625 christianae
616 2568 747 2625 Ecclesiae
760 2583 834 2623 nunc
845 2575 922 2632 sunt,
933 2564 1013 2635 cujus
1025 2562 1072 2635 qui
1087 2577 1203 2617 sensum

60 2674 92 2715 ac
109 2657 336 2730 intelligentiam,
350 2667 381 2713 ut
398 2674 461 2714 curn
473 2659 618 2716 Vincentio
633 2659 738 2725 dicam,
751 2675 806 2715 non
820 2667 910 2725 tenet,
924 2655 995 2712 nihil
1012 2668 1083 2726 pene
1095 2651 1199 2709 doctri-

61 2765 105 2805 nan
123 2748 152 2802 in
170 2747 227 2802 illis
242 2747 351 2804 traditae
368 2757 411 2804 est
427 2756 618 2803 assecuturus.

98 2836 166 2905 Quae
178 2853 263 2907 quum
280 2836 318 2892 ita
336 2853 366 2893 se
387 2839 520 2905 habeant,
538 2838 625 2910 liquet
644 2855 736 2895 sacras
752 2838 910 2910 Scripturas
928 2851 1010 2909 posse
1031 2833 1158 2906 quidem,
1173 2833 1204 2888 in

61 2928 159 2985 multis
174 2926 271 2983 saltem
289 2927 423 3000 gravioris
441 2929 573 2984 momenti
590 2930 674 2997 locis,
691 2930 780 2985 claras
797 2944 829 2984 ac
846 2928 1006 3000 perspicuas
1024 2924 1090 2990 dici,
1106 2923 1154 2980 sed
1168 2923 1204 2980 iis

60 3029 170 3076 tantum
196 3019 243 3090 qui
268 3018 399 3074 Ecclesiae
421 3019 575 3076 doctrinam
601 3030 629 3076 et
650 3036 764 3077 sensum
791 3019 869 3092 prius
891 3016 1049 3090 acceperint
1070 3013 1204 3085 firmeque

61 3111 193 3180 deinceps
215 3108 370 3175 tenuerint,
392 3118 419 3165 et
441 3109 543 3166 idcirco
566 3109 797 3182 quemadmodum
819 3109 881 3166 sine
898 3108 1021 3167 Ecclesia
1037 3122 1089 3162 nec
1110 3104 1205 3170 editae,

62 3215 115 3255 nec
137 3209 273 3266 servatae,
296 3215 348 3255 nec
371 3199 453 3256 nohis
476 3200 585 3256 traditae
604 3201 723 3258 luissent
745 3200 910 3273 Scripturas,
936 3200 977 3257 sic
999 3213 1050 3255 nec
1075 3196 1136 3254 sine
1157 3196 1204 3250 illa

62 3289 180 3361 intelligi
199 3298 321 3360 possent.

99 3379 160 3448 Quo
177 3381 341 3448 constituto,
357 3388 443 3439 restat
458 3390 488 3436 ut
505 3382 586 3452 paulo
604 3380 769 3452 explicatius
785 3380 943 3453 aperiamus
960 3394 1022 3452 quae
1037 3379 1075 3434 sit
1089 3392 1154 3433 vera
1172 3391 1205 3432 ac

61 3486 192 3546 germana
209 3469 410 3542 interpretandi
427 3471 515 3539 ratio,
529 3471 707 3545 regulamque
720 3486 736 3526 a
748 3470 911 3528 Tridentina
924 3468 1028 3541 synodo
1044 3481 1203 3538 expressam

61 3562 248 3629 vindicemus,
262 3577 296 3618 ex
311 3561 380 3632 ipsis
394 3562 536 3636 religionis
552 3562 710 3620 christianae
728 3562 872 3636 principiis
888 3558 1130 3617 commonstreturi
1143 3573 1205 3614 eam

60 3652 123 3710 tolli
143 3668 199 3708 non
212 3667 294 3724 posse
314 3651 380 3722 quin
400 3651 484 3708 simul
505 3653 685 3711 labefactetur
703 3653 903 3712 christianismi
917 3652 1040 3718 indoles,
1060 3650 1205 3723 omnisque

62 3744 147 3800 etiam
163 3758 228 3799 vere
242 3741 401 3799 scientificae
418 3758 567 3816 exegeseos
584 3744 629 3801 via
647 3746 841 3817 praecludatur.

99 3832 171 3900 Quid
183 3831 278 3889 enim?
290 3831 446 3889 Catholicos
463 3832 605 3907 theologos
623 3836 719 3892 crebro
737 3835 856 3892 irrident
871 3839 1056 3905 protestantes
1074 3843 1102 3889 et
1119 3832 1203 3888 ratio-

63 3924 170 3980 nalistae
182 3923 266 3994 quod,
280 3923 420 3994 inquiunt,
436 3923 540 3980 clausis
552 3923 638 3981 veluti
651 3924 739 3982 oculis
756 3926 912 3997 Scripturas
928 3931 1057 3990 versent,
1069 3922 1151 3979 veriti
1166 3937 1202 3976 ne

62 4012 212 4084 quidquam
233 4011 334 4067 alicubi
355 4013 494 4070 offendant
511 4015 584 4085 quod
604 4015 733 4074 Romana>
751 4015 881 4074 Ecclesiae
903 4013 1012 4086 placitis
1035 4013 1200 4086 refragatum

96 4216 143 4280 (l)
162 4219 337 4268 Gontmonitor.
351 4234 372 4268 c.
385 4221 409 4266 2.
