3150 5160
256 378 295 421 nn
314 377 468 419 scnrrrun.
492 375 641 418 nocvnrn'n
664 376 699 417 nr
721 374 1004 418 vnrnnrnnrnrrons.
1135 360 1191 418 aot

599 561 657 634 qa.

171 833 204 872 DE
224 833 353 873 nocturna
373 834 443 882 nunti
463 833 551 873 SACRAE
571 832 722 873 sententium
740 832 870 872 Enhtssnr
889 832 974 879 DEQUE
994 832 1081 870 lituus

392 939 558 980 tursthncru
571 939 602 979 tc
616 937 868 978 lhrnnrnertvtortn.

96 1210 250 1283 Scripturas
276 1227 342 1286 ergo
368 1211 402 1266 ab
432 1211 554 1266 Ecclesia
580 1209 733 1281 accipimus
758 1209 805 1279 qui
827 1208 910 1279 hujus
935 1207 1035 1262 divinae
1059 1206 1197 1263 societatis

62 1302 132 1359 cives
157 1303 319 1369 existimus,
347 1318 437 1374 neque
464 1301 516 1357 hae
539 1300 647 1356 sublata
676 1299 730 1354 illac
752 1299 947 1354 consisterent.
972 1297 1073 1352 Verum
1100 1313 1197 1368 parum

63 1405 125 1447 sane
142 1400 185 1448 est
201 1392 359 1464 Scripturas
378 1409 434 1464 prae
454 1391 583 1446 manibus
602 1390 719 1452 habere,
740 1388 795 1444 nisi
816 1404 911 1443 earum
924 1388 1075 1444 sententias
1088 1390 1198 1460 assequi

61 1488 139 1551 atque
155 1497 189 1537 cx
208 1481 265 1537 illis
282 1482 430 1537 revelatam
450 1481 604 1537 doctrinam
626 1481 726 1535 elicere
739 1494 824 1551 queas
839 1495 846 1534 ε
864 1487 950 1534 restat
963 1478 1047 1551 igitur
1063 1488 1093 1534 ut
1105 1479 1199 1535 videa·

60 1586 121 1626 mus
133 1588 187 1643 qua
200 1572 309 1628 ratione
321 1571 528 1644 Scripturarum
542 1572 733 1642 interpretatio
747 1571 784 1626 sit
798 1569 977 1625 instituenda.

94 1661 153 1730 Quo
175 1670 267 1718 autem
289 1663 399 1735 plenius
422 1662 545 1718 solvatur
567 1662 626 1717 haec
649 1662 779 1733 quaestio,
802 1660 897 1733 paucis
921 1661 1131 1732 expendendum
1157 1671 1200 1718 est

57 1768 91 1808 an
105 1754 239 1828 integram
254 1754 413 1809 christianae
430 1752 608 1808 revelationis
628 1752 781 1808 doctrinam
801 1750 928 1806 exhibeat
946 1750 1100 1822 Scriptura,
1116 1765 1151 1805 an
1167 1767 1199 1806 ea

57 1843 128 1897 clara
141 1851 169 1898 ct
183 1844 327 1914 perspicua
347 1842 417 1897 inibi
437 1851 580 1909 occurrat,
600 1843 664 1913 quis
683 1842 794 1898 demum
810 1843 848 1898 sit
860 1841 1009 1913 Scriptura·
1024 1851 1051 1897 et
1069 1841 1200 1898 Ecclesiae

57 1933 107 1989 hac
126 1933 154 1989 in
174 1943 251 2005 parte
270 1940 384 1988 mutuus
404 1948 506 1998 nexus,
524 1949 640 2005 quaeque
657 1949 796 2007 germanae
817 1949 849 1988 ac
867 1933 1026 1989 scientificae
1037 1932 1200 2003 interpreta-

57 2023 142 2080 tionis
166 2022 281 2098 regula?
307 2024 385 2090 llaec,
412 2024 543 2095 quoniam
566 2023 623 2094 jam
646 2025 777 2096 pleraque
802 2024 900 2079 saltem
925 2023 1067 2097 attigimus
1092 2022 1140 2078 ubi
1163 2023 1199 2078 de

56 2113 251 2185 Apostolorum
264 2113 459 2185 praedicatione
471 2113 554 2169 verba
568 2112 698 2181 fecimus,
713 2112 792 2169 facile
804 2116 851 2169 hic
863 2114 976 2171 enodari
990 2123 1130 2186 poterunt.

94 2202 172 2270 Quod
187 2212 293 2275 spectat
313 2204 432 2275 primurn
452 2204 486 2259 ad
505 2205 687 2276 quaestionem
707 2205 794 2271 hanc,
812 2215 906 2260 utrum
926 2206 1083 2261 universam
1096 2204 1199 2261 Christi

56 2293 254 2350 revelationem
271 2294 400 2349 exhibeat
419 2293 578 2366 Scriptura,
600 2294 720 2352 vidimus
740 2311 914 2367 nequaquam
932 2297 959 2353 id
976 2296 1115 2368 Apostolis
1135 2311 1199 2368 pro-

56 2385 178 2457 positum
194 2385 282 2442 luisse
297 2395 328 2441 ut
345 2386 481 2458 integram
500 2385 644 2460 religionis
663 2385 822 2442 christianae
837 2387 991 2442 doctrinam
1009 2387 1109 2443 litteris
1123 2401 1199 2440 man-

56 2474 164 2530 darent.
178 2472 252 2541 Quid
265 2474 360 2531 enimi
373 2475 491 2532 Exordio
507 2476 685 2551 Evangelium
705 2477 767 2532 viva
780 2492 847 2531 voce
859 2493 910 2547 per
927 2477 1052 2548 regiones
1068 2475 1199 2547 praedica-

55 2573 136 2631 runt,
150 2564 296 2634 variasque
309 2566 360 2620 hac
378 2566 485 2621 ratione
498 2553 622 2622 fidelium
640 2566 853 2622 communitates
869 2567 1088 2632 constituerunt;
1102 2574 1197 2637 postea

55 2662 149 2709 autern
167 2669 217 2724 pro
236 2668 267 2706 re
284 2663 348 2708 nata
365 2670 397 2710 ac
415 2663 498 2726 prout
517 2656 674 2726 postulabat
693 2655 874 2727 quorumdam
892 2654 1016 2711 fidelium
1030 2657 1195 2723 necessitas,

55 2744 181 2816 quaedam
195 2742 223 2796 in
241 2742 365 2814 ipsorum
381 2744 556 2799 commodum
577 2746 727 2817 scripsere;
745 2745 795 2800 sed
812 2747 855 2801 vel
872 2747 899 2800 in
919 2746 988 2817 ipsis
1009 2746 1067 2800 illis
1086 2746 1197 2817 scriptis

58 2833 200 2891 interdum
210 2848 258 2888 cos
269 2843 423 2890 mouentut
432 2833 511 2891 firme
522 2836 750 2892 teneantdecreta
761 2852 821 2906 quae
830 2836 891 2892 viva
901 2851 967 2892 voce
977 2844 1004 2891 et
1014 2851 1105 2892 eoram
1115 2835 1196 2892 caloc-

55 2925 80 2979 ti
92 2925 217 2990 fuerant,
231 2931 258 2980 et
276 2939 358 2994 porro
378 2933 511 2997 perpetuo
530 2926 687 2982 innituntur
705 2926 837 2982 doctrinae
852 2936 917 2982 ante
933 2927 1050 2982 traditae.
1066 2926 1119 2982 Sed
1138 2926 1197 2983 haec

54 3015 165 3072 abunde
178 3015 206 3069 in
221 3023 297 3086 parte
315 3015 448 3071 historica
463 3025 615 3073 monstrata
633 3027 708 3073 sunt.
729 3015 901 3088 Quapropter
913 3016 941 3071 id
955 3017 1035 3073 nobis
1048 3026 1078 3073 ut
1090 3026 1196 3073 certum

54 3120 87 3160 ac
100 3115 192 3161 ratum
207 3121 350 3160 assumere
363 3106 457 3171 liccat,
473 3109 551 3163 nullo
567 3108 665 3164 saltem
680 3107 858 3163 fundamento
877 3107 930 3163 diei
945 3123 1027 3180 posse
1038 3107 1196 3164 universam

56 3193 162 3251 Christi
177 3195 373 3251 revelationem
392 3197 421 3252 in
441 3196 592 3269 Scripturis
605 3214 764 3265 occurrere;
785 3213 851 3254 sane
865 3198 934 3254 illud
949 3213 1108 3255 asseverare
1121 3214 1197 3253 sum-

55 3301 108 3343 mae
125 3287 288 3343 temeritatis
298 3287 379 3354 foret,
394 3289 616 3360 quandoquidem
631 3288 799 3343 contrarium
811 3289 892 3359 plane
905 3289 1038 3344 suadeant
1051 3301 1194 3342 sacrorum

54 3375 225 3447 scriptorum
244 3393 345 3449 scopus
364 3389 392 3436 et
405 3379 535 3451 adjuncta
552 3380 581 3435 in
599 3379 700 3450 quibus
719 3378 901 3433 versabantur
921 3378 940 3432 ii
959 3378 993 3433 ad
1006 3393 1076 3448 quos
1090 3376 1194 3448 scripta

55 3466 221 3540 dirigebant.
246 3468 342 3539 ltaque
366 3471 417 3527 hac
436 3472 519 3527 etiam
538 3471 568 3527 in
591 3478 668 3542 parte
679 3469 858 3523 vehementer
880 3467 1066 3523 allucinantur
1089 3475 1196 3538 protes-

55 3567 160 3625 antes,
173 3559 239 3614 dnm
253 3557 406 3616 firmissimi
424 3576 457 3616 ac
470 3563 541 3618 sacri
554 3559 689 3635 dogmatis
701 3559 790 3613 instar
802 3566 908 3629 ponunt
920 3566 1005 3614 totam
1017 3555 1197 3612 christianam

55 3649 217 3722 religionem
238 3649 267 3704 in
286 3647 437 3721 Scripturis
460 3666 522 3708 esse
536 3670 543 3706 ε
558 3654 617 3709 haec
635 3666 731 3707 eornm
755 3650 935 3715 asseveratio,
958 3650 987 3703 in
1009 3663 1062 3719 qua
1079 3646 1197 3703 vertitur

55 3736 382 3809 pseudo-reformationis
404 3739 567 3807 aedilicium,
584 3741 618 3796 ad
638 3739 784 3795 minimum
803 3755 885 3812 quam
912 3739 1028 3794 maxime
1049 3738 1197 3795 temeraria

55 3836 121 3893 cst;
148 3836 175 3883 et
201 3843 251 3900 ego
276 3839 351 3884 certe
375 3846 516 3901 nunquam
541 3831 652 3902 assequi
677 3831 755 3901 potui
781 3845 835 3903 quo
856 3838 935 3901 pacto
958 3828 1010 3884 viri
1036 3828 1109 3884 docti
1134 3844 1195 3885 eam

54 3916 223 3972 sententiam
245 3916 313 3972 adeo
331 3917 452 3986 foveant,
476 3928 507 3974 nt
525 3920 568 3975 vel
594 3920 709 3977 dubium
727 3921 763 3976 dc
788 3922 848 3992 ejus
867 3920 997 3976 firmitate
1016 3919 1119 3975 moveri
1138 3935 1193 3976 non

55 4008 160 4064 sinant.
182 4007 328 4064 Enimvero
348 4025 434 4081 quum
457 4010 584 4081 nuspiam
609 4019 746 4068 testentur
765 4009 888 4081 Apostoli
915 4009 968 4065 sibi
992 4011 1115 4065 animum
1133 4023 1196 4064 esse

55 4096 149 4154 omnia
168 4097 299 4154 doctrinae
318 4099 421 4155 Christi
440 4101 529 4171 capita
554 4103 655 4158 litteris
674 4100 880 4168 commendare,
901 4102 987 4173 liquet
1005 4100 1127 4173 proiecto
1144 4098 1194 4154 dc·

55 4193 164 4243 cretum
187 4188 255 4244 illud
280 4205 334 4259 quo
357 4190 457 4245 nititur
478 4193 722 4263 protestantismus
738 4207 843 4247 meram
871 4208 933 4249 esse
952 4191 1119 4264 hypothesim
1144 4205 1193 4260 pro

55 4277 174 4336 arbitrio
192 4279 299 4347 rictam3
322 4290 351 4336 at
374 4280 401 4334 in
425 4282 535 4354 negotio
558 4284 681 4338 omnium
709 4283 828 4338 maximo
850 4282 928 4340 lasne
950 4292 1003 4348 est,
1027 4295 1133 4351 quaeso,
1158 4279 1193 4334 ab

1009 4396 1048 4455 ⁶26
