3150 5160
355 347 394 405 56
451 361 489 402 nn
510 360 549 403 ns
569 358 711 402 corninus
732 358 784 412 our
805 357 876 401 cosr
898 357 987 399 mvuu
1012 355 1215 400 nrosromcuu
1236 356 1401 400 unornane.

352 507 460 564 Arianae
479 507 616 562 haereseos
635 505 729 561 hostes
745 503 897 559 eminuisse
916 511 944 558 ct
963 503 1001 557 ita
1020 517 1070 573 pro
1090 501 1222 558 Ecclesia
1242 501 1417 576 dogmatibus
1437 511 1495 559 toto

353 597 418 652 vitae
433 597 553 652 decursu
572 609 709 668 pugnasse
728 608 760 648 ae
779 606 892 662 passum
910 607 986 657 csse,
1007 602 1038 648 ut
1056 591 1156 647 merito
1178 607 1242 647 eum
1261 593 1347 647 totius
1365 591 1498 649 Ecclesiae

355 701 502 757 personam
524 685 552 739 in
575 683 833 739 haccontrouersia
855 681 975 754 gessisse
998 683 1112 739 dixeris.
1137 683 1208 738 Hinc
1229 682 1260 737 fit
1280 692 1325 746 ut,
1349 683 1374 738 si
1395 683 1496 755 reliqui

356 777 451 832 Patres
467 774 599 829 doctrinae
616 789 648 828 ae
665 788 766 829 seusus
780 771 996 839 christianismi,
1012 781 1039 828 et
1054 773 1116 844 jure
1130 773 1257 843 quidem,
1271 780 1357 828 testes
1373 772 1498 827 habean-

356 874 413 928 tur,
427 864 528 935 potiori
548 863 669 934 prolecto
682 871 709 917 et
723 860 854 932 peculiari
873 861 992 931 quodam
1004 861 1067 932 jure
1089 877 1121 916 os
1139 870 1167 917 et
1184 876 1280 917 vocem
1294 860 1497 916 christianismi

356 955 495 1017 universi,
510 970 559 1025 pro
573 969 604 1008 ea
618 968 700 1022 quam
717 951 892 1024 potissimum
909 950 963 1005 sibi
980 950 1129 1006 vindicavit
1146 951 1300 1022 provincia,
1314 950 1498 1006 Athanasium

356 1045 538 1117 appellaveris
554 1041 609 1116 (l).
626 1042 686 1111 Quo
699 1058 764 1098 vero
778 1041 886 1096 laeilius
906 1057 938 1096 ac
957 1041 1067 1112 plenius
1083 1041 1227 1096 Athanasii
1244 1041 1317 1095 cirta
1335 1041 1499 1096 methodum

357 1135 481 1191 doctrina
501 1133 700 1205 perspiciatur,
721 1147 807 1204 pauca
826 1131 855 1185 in
873 1140 1048 1186 antecessum
1068 1129 1102 1185 de
1120 1130 1228 1185 Arianae
1247 1131 1386 1186 haereseos
1403 1129 1500 1185 indole

358 1234 424 1281 sunt
441 1224 587 1279 monenda.

394 1315 426 1369 ln
448 1313 548 1370 Ariana
570 1314 616 1368 illa
639 1313 750 1375 haeresi,
772 1310 1002 1383 quemadmodum
1026 1319 1053 1366 et
1073 1311 1101 1364 in
1121 1310 1174 1366 alia
1193 1310 1290 1381 quavis
1309 1312 1500 1367 controversia

358 1406 416 1462 sive
436 1404 588 1478 theologica
608 1404 667 1459 sive
686 1403 768 1459 etiarn
788 1400 991 1473 philosophica,
1010 1401 1065 1456 duo
1084 1409 1150 1457 sunt
1168 1401 1374 1473 distinguenda,
1390 1401 1500 1457 metho-

357 1496 422 1558 dus,
438 1496 565 1566 inquam,
579 1503 607 1549 et
624 1494 683 1563 ipsa
698 1491 822 1548 doctrina
840 1506 894 1561 qua
911 1505 927 1544 a
944 1491 1059 1562 reliquis
1073 1491 1234 1547 dissidebat.
1251 1490 1329 1559 Quod
1345 1491 1380 1547 ad
1392 1491 1499 1547 doctri-

359 1600 422 1640 nam
445 1585 557 1647 attinet,
576 1593 678 1640 norunt
700 1597 796 1638 omnes
816 1581 844 1635 in
864 1596 896 1637 eo
916 1582 998 1638 sitam
1016 1581 1103 1638 luisse
1115 1582 1244 1638 Arianam
1263 1581 1407 1648 haeresim,
1423 1583 1500 1652 quod

359 1673 500 1730 Christum
518 1682 658 1744 tamquam
674 1679 828 1727 ereaturam
846 1670 969 1725 haberet.
986 1670 1064 1739 Quod
1080 1679 1173 1727 autem
1188 1670 1223 1726 ad
1239 1671 1399 1726 methodum
1417 1686 1500 1741 spec·

360 1773 412 1829 tat,
430 1765 503 1834 quod
520 1779 605 1818 unum
624 1778 682 1818 ere
701 1771 794 1817 nostra
812 1769 871 1826 est,
886 1761 1009 1817 eamdem
1028 1760 1084 1817 iere
1103 1761 1281 1817 sectabantur
1300 1759 1395 1816 Ariani
1413 1777 1501 1832 quam

357 1852 458 1923 reliqui
478 1852 615 1918 haeretici,
634 1865 771 1923 quamque
791 1849 819 1903 in
840 1857 980 1919 posterum
1000 1859 1184 1922 protestantes
1202 1851 1294 1907 dedita
1313 1852 1393 1922 quasi
1415 1867 1501 1922 opera

358 1943 520 1999 evolverunt
543 1958 549 1996 :
572 1942 703 2013 quoniam
732 1955 831 2010 nempe
862 1939 993 1996 Ecclesiae
1021 1942 1186 1998 auctoritate
1216 1941 1282 1996 victi
1313 1956 1346 1997 ac
1376 1941 1503 1998 damnati

358 2031 479 2096 lucrant,
499 2031 629 2106 refragari
651 2041 806 2102 ooeperunt,
826 2029 1005 2085 obtendentes
1024 2031 1126 2101 injuria
1145 2045 1176 2086 se
1198 2045 1214 2084 a
1232 2029 1376 2085 catholicis
1387 2031 1502 2102 repelli,

359 2122 432 2194 quod
448 2139 502 2178 vor
514 2123 679 2190 (operosior)
693 2136 746 2192 qua
763 2119 791 2174 bi
803 2119 846 2174 usi
859 2129 937 2175 eraut
954 2121 982 2176 in
997 2120 1146 2191 Scripturis
1164 2137 1220 2177 non
1236 2129 1406 2187 occurreret,
1422 2121 1504 2177 nefas

359 2228 424 2268 vero
448 2227 510 2267 csse
530 2225 625 2266 vocem
647 2226 701 2266 non
724 2209 955 2280 scripturisticam
983 2209 1011 2264 in
1033 2208 1190 2264 definiendo
1210 2210 1337 2282 dogmate
1356 2208 1503 2265 adbibere.

362 2303 455 2373 ltaque
472 2300 580 2365 Ariani,
599 2298 831 2369 quemadmodum
847 2300 993 2354 recentiori
1011 2308 1092 2354 aetate
1108 2308 1308 2369 protestantes,
1327 2308 1359 2355 ut
1375 2315 1503 2356 errorem

362 2400 522 2456 tuerentur,
536 2406 567 2446 co
580 2406 644 2445 mox
657 2388 767 2445 adducti
782 2387 858 2443 luere
876 2398 906 2443 ut
917 2388 1041 2444 dicerent
1056 2404 1091 2443 ex
1109 2387 1259 2459 Scripturis
1272 2398 1381 2447 tantum
1394 2389 1505 2445 hauriri

363 2497 445 2552 posse
469 2480 648 2536 christianam
668 2481 830 2536 doctrinam.
851 2480 901 2536 His
920 2490 1013 2536 autem
1032 2480 1071 2536 ita
1088 2480 1208 2538 breviori
1228 2480 1390 2552 compendio
1408 2481 1506 2553 praeli-

360 2571 446 2638 batis,
458 2571 515 2642 jam
528 2570 562 2625 ad
576 2570 757 2625 Athanasium
770 2579 972 2626 convertamur.

397 2661 427 2715 ld
444 2677 526 2733 porro
542 2661 672 2732 principii
690 2662 750 2717 loco
766 2660 883 2716 assumit
900 2661 1080 2727 Athanasius,
1098 2659 1252 2716 doctrinam
1267 2676 1282 2715 a
1298 2661 1429 2717 Patribus
1444 2671 1504 2718 tra-

362 2751 448 2808 ditam
465 2751 622 2806 necessario
638 2767 732 2806 veram
751 2765 828 2817 esse,
845 2750 978 2821 quidquid
996 2759 1087 2806 autem
1108 2750 1174 2807 huic
1190 2751 1351 2807 adversatur
1368 2753 1422 2807 hoc
1441 2752 1507 2824 ipso

363 2853 394 2896 ut
408 2841 507 2896 laisum
523 2840 693 2908 habendum,
707 2857 759 2897 nec
772 2857 841 2912 opus
855 2857 916 2897 esse
930 2851 960 2897 ut
972 2842 1090 2897 ulterius
1103 2842 1297 2913 perpendatur.

397 2932 426 2986 ln
440 2932 565 3000 Epistola
578 2933 609 2986 de
622 2931 740 3001 Synodis
751 2932 872 2987 Arimini
885 2939 909 2986 et
923 2932 1047 2987 Seleuciae
1059 2933 1214 2989 luculenter
1226 2933 1306 2988 docet
1318 2932 1506 2990 christianam

363 3020 523 3076 methodum
542 3022 700 3077 traditionis
720 3038 797 3088 esse,
817 3039 873 3078 non
895 3023 1083 3093 inquisitionis
1103 3033 1152 3078 aut
1173 3023 1273 3094 privati
1295 3024 1431 3080 examinis
1450 3041 1457 3080 :
1479 3026 1506 3082 si

364 3111 452 3176 enim,
467 3111 572 3181 inquit,
586 3127 650 3166 vera
664 3110 789 3166 doctrina
806 3127 861 3166 non
878 3112 1063 3182 acciperetur,
1078 3113 1127 3168 sed
1146 3113 1309 3183 inquirenda
1325 3111 1407 3177 locet,
1421 3114 1507 3171 tolle·

364 3209 442 3256 retur
463 3200 556 3256 fides:
579 3200 636 3255 uSi
656 3199 838 3255 credidissent
861 3199 977 3272 (Ariani
991 3200 1016 3275 ),
1037 3218 1210 3272 nequaquam
1233 3203 1347 3274 perinde
1368 3204 1506 3260 sciscitati

365 3299 472 3356 essent,
493 3290 571 3360 quasi
591 3290 656 3360 quid
676 3290 821 3345 crederent
843 3306 897 3346 non
919 3291 1052 3347 haberent
1071 3289 1126 3364 (E).
1139 3311 1153 3344 n
1172 3291 1250 3359 Quod
1270 3293 1292 3348 si
1315 3292 1419 3348 Christi
1439 3296 1508 3352 doc-

366 3381 466 3435 trinam
483 3381 623 3452 inquirere
636 3380 713 3436 nefas
735 3381 771 3437 sit
786 3381 950 3448 christiano,
965 3397 1024 3437 eam
1042 3398 1106 3456 ergo
1122 3398 1156 3438 cx
1170 3384 1342 3438 auctoritatis
1355 3384 1508 3443 traditione

364 3470 482 3542 accipiat
496 3486 609 3526 necesse
620 3479 677 3536 est,
694 3485 809 3541 eamque
823 3479 854 3525 ut
866 3480 940 3527 certo
954 3487 1047 3527 veram
1060 3472 1094 3526 ab
1108 3471 1187 3526 initio
1201 3481 1229 3527 ct
1246 3472 1377 3543 deinceps
1392 3489 1507 3547 semper

365 3569 480 3616 teneat:
498 3559 596 3628 «Quid
615 3561 705 3627 enim,
723 3561 776 3627 ait,
794 3561 926 3617 doctrinan
944 3561 978 3617 ad
999 3562 1071 3633 piam
1095 3563 1255 3636 religionem
1273 3561 1360 3618 deluit
1372 3564 1509 3622 Ecclesiae

365 3650 520 3716 catholieae,
535 3658 565 3705 ut
581 3665 654 3704 nunc
667 3648 701 3704 de
715 3647 768 3703 fide
781 3649 942 3720 perquirant
957 3648 1025 3723 (bii
1036 3670 1051 3702 n

397 3852 443 3916 (l)
457 3854 483 3904 B.
497 3853 627 3905 Athanasii
640 3855 787 3907 memoriam
800 3857 921 3925 praeclare
932 3859 1073 3912 illustravit
1083 3861 1116 3911 cl.
1132 3859 1235 3911 lloehler
1247 3860 1274 3911 in
1289 3859 1388 3928 egregio
1407 3876 1489 3928 opere
1503 3879 1510 3912 r

364 3936 489 3984 Albuneae
501 3938 522 3985 le
534 3939 650 4001 prandet
662 3934 762 4002 l'Eqiise
775 3941 803 3988 dc
816 3957 860 3990 sorr
870 3947 947 4005 temps
959 3958 989 3991 en
1000 3943 1061 3992 lette
1071 3959 1130 3992 enee
1140 3943 1308 3993 l'Arienisrne.

397 4016 446 4082 (2)
464 4033 478 4065 u
489 4014 524 4068 Ei
536 4034 585 4084 γαρ
604 4018 740 4077 ἑπιστευον,
758 4019 804 4070 οὐκ
818 4019 849 4070 ἀν
866 4021 897 4079 ὡς
913 4042 945 4090 μη
964 4023 1059 4086 ἔχοντες
1074 4023 1183 4080 ἐζητουν-
1193 4041 1208 4075 ))
1227 4028 1261 4075 De
1275 4026 1380 4089 synodis
1397 4029 1513 4078 Arimini

363 4104 387 4148 et
397 4101 511 4148 Seteeete
526 4099 668 4160 celebretis,
680 4113 711 4150 n0
724 4104 749 4150 2.

399 4180 448 4246 (5)
466 4197 480 4229 u
495 4178 525 4232 Τι
537 4199 586 4249 γαρ
603 4182 679 4233 ἔλειπε
695 4175 862 4245 didascalicae
879 4184 911 4245 εἰς
925 4182 1049 4237 ebeessstor
1068 4207 1099 4255 τῃ
1115 4189 1241 4254 casertan
1259 4188 1393 4255 ἐκκλησιᾳ,
1412 4189 1456 4239 ἱνα
1469 4212 1513 4243 νυν

366 4277 418 4327 περι
432 4279 533 4320 recrees
551 4264 656 4328 (aroer,
674 4283 688 4317 n
697 4267 746 4327 to„
758 4281 789 4317 n⁰
801 4271 824 4318 3.
