3166 5168
235 347 378 454 Prths
416 348 621 476 Pllllld,
661 349 761 458 sud
800 347 1112 458 lllsldltldt.

544 611 811 643 “⁸⁴0⁶'’-

488 803 662 887 sutile
697 803 863 887 Palox.

565 1048 784 1108 thracesslo.

144 1267 241 1323 illrum
263 1263 380 1320 sortasse
402 1263 541 1320 videbitur
560 1279 619 1330 mc,
641 1261 675 1319 de
693 1262 838 1336 theologiae
858 1262 1016 1320 christianae
1037 1262 1166 1322 methodo
1187 1280 1246 1321 ser-

108 1373 216 1414 monem
237 1355 413 1422 hahitnrum‚
432 1369 488 1410 non
505 1354 540 1409 ab
560 1354 620 1425 ipsa
639 1354 806 1409 revelatione
828 1353 856 1408 in
875 1352 985 1411 christo
1007 1354 1092 1424 iacta,
1109 1365 1192 1427 atque
1212 1358 1247 1413 ab

107 1463 139 1502 ea
155 1447 262 1502 ratione
278 1460 359 1515 quam
377 1445 406 1499 in
423 1444 583 1500 hominibus
598 1443 756 1499 erudiendis
777 1452 836 1499 tum
856 1443 990 1500 Dominus
1012 1454 1071 1500 tum
1088 1446 1150 1518 ejus
1165 1461 1247 1517 apos·

106 1535 156 1591 toli
175 1546 304 1596 tenuere.
324 1535 445 1606 primum
463 1533 547 1604 hujus
567 1533 738 1589 tractationis
759 1531 900 1588 exordium
921 1534 1042 1602 ducere;
1067 1537 1115 1593 sed
1135 1535 1168 1592 ad
1188 1537 1246 1609 pri-

108 1641 221 1681 maevam
240 1624 401 1697 religionem
417 1622 596 1688 adscendere,
619 1623 758 1694 simulque
779 1623 885 1694 antiqui
910 1623 1024 1682 ioederis
1047 1625 1102 1682 iata
1126 1627 1247 1685 breviori

107 1717 213 1773 calamo
234 1716 262 1771 in
278 1724 453 1770 antecessum
471 1713 610 1785 persequi.

149 1807 184 1862 At
207 1823 258 1862 eur
283 1805 334 1860 hae
363 1804 405 1859 via
431 1803 558 1859 incedere
583 1803 727 1859 statuerim
750 1803 876 1875 plurimae
906 1821 950 1861 mc
976 1815 1120 1862 moverunt
1141 1822 1245 1874 causae,

107 1912 201 1968 eaeque
218 1896 360 1970 graviores
377 1910 458 1965 quam
483 1902 511 1949 ut
530 1894 594 1950 illas
612 1893 826 1950 contemnendas
845 1895 1041 1951 existimarem.
1065 1895 1135 1964 Quid
1153 1896 1247 1953 enim?

106 1987 185 2058 apua
200 2002 296 2043 omnes
310 1985 477 2040 christianos
489 1993 578 2039 ratum
594 1984 716 2057 prolecto
731 1984 895 2056 firmumque
908 1995 964 2054 est,
978 2003 1071 2043 veram
1083 1987 1246 2061 religionem

105 2077 170 2133 inde
182 2077 216 2132 ab
227 2077 293 2132 orbe
309 2075 418 2131 condito
431 2075 570 2142 extitisse,
589 2091 705 2146 eamque
718 2090 850 2145 processu
870 2079 1002 2148 temporis
1023 2079 1057 2134 ab
1072 2095 1126 2134 uno
1145 2079 1247 2150 populo

105 2171 188 2224 abeo
201 2169 230 2223 in
246 2168 320 2222 hvrne
334 2166 418 2221 finem
431 2168 519 2220 electo
534 2182 632 2236 puram
648 2176 675 2221 el
687 2165 820 2220 illibatam
834 2177 1023 2223 conservatam
1037 2168 1131 2224 inisse.
1145 2171 1246 2226 Verum

106 2257 130 2314 si
151 2258 243 2313 divina
267 2258 319 2313 init
340 2266 367 2313 et
389 2257 519 2329 primaeva
542 2266 569 2312 et
597 2257 716 2312 mosaica
740 2257 848 2330 religio,
872 2273 906 2313 ex
929 2268 1072 2330 perspecto
1091 2258 1172 2316 modo
1193 2277 1247 2332 qno

106 2358 222 2420 utraque
237 2349 284 2404 illa
302 2347 517 2403 conservabatur
536 2355 564 2402 et
581 2346 690 2419 populis
709 2347 869 2404 tradebatur
886 2347 1037 2419 plurimum
1060 2348 1130 2405 lueis
1146 2349 1247 2405 exoriri

104 2439 138 2493 ad
156 2439 245 2510 ipsius
262 2437 406 2511 religionis
421 2437 579 2492 christianae
598 2439 756 2494 methodum
774 2439 967 2495 illustrandam
985 2455 1018 2496 ae
1035 2439 1248 2497 confirmandam

103 2527 238 2583 fateamur
256 2543 370 2584 neeesse
388 2536 440 2583 est.
460 2527 533 2583 Deus
553 2527 627 2582 enim
648 2527 701 2583 sibi
720 2528 859 2586 adversari
880 2530 985 2600 nequit.

142 2620 240 2692 igitur,
260 2628 290 2675 ut
308 2618 335 2674 id
354 2619 426 2688 quod
445 2618 552 2692 agimus
571 2619 725 2690 perspicuis
744 2621 836 2677 verbis
856 2621 913 2692 jam
937 2620 1123 2687 declaremus,
1143 2620 1166 2675 si
1184 2629 1248 2676 ante

103 2706 247 2763 Christum
272 2714 368 2761 natum
391 2722 456 2760 vera
478 2708 574 2778 religio
600 2724 669 2774 non,
698 2710 737 2765 uti
763 2720 888 2766 statuunt
914 2720 1116 2782 protestantes,
1148 2710 1247 2780 privati

103 2796 239 2864 cujusque
259 2793 395 2848 examinis
413 2809 445 2847 ae
464 2795 561 2863 judieii
581 2798 695 2852 arbitrio
713 2799 763 2854 luit
794 2799 942 2870 permissa,
958 2800 1005 2854 sed
1023 2799 1194 2855 auctoritatis
1215 2817 1247 2856 ac

105 2881 290 2936 institutionis
305 2891 425 2936 externae
441 2881 609 2939 adminiculo
622 2897 781 2942 conservata
798 2888 965 2958 traditaque,
982 2889 1045 2960 quis
1059 2904 1132 2943 sanae
1145 2890 1247 2947 mentis

103 2973 205 3028 dixerit
223 2973 325 3038 Deum,
344 2971 453 3029 Christo
473 2981 550 3037 nato,
567 2973 642 3030 illico
660 2975 808 3031 eonsilium
827 2986 963 3042 mutasse,
982 2987 1010 3034 et
1030 2978 1068 3034 ita
1087 2978 1198 3049 quidem
1216 2989 1247 3036 ut

102 3078 217 3134 prorsus
243 3063 410 3117 contrariam
431 3063 456 3118 ei
479 3079 560 3134 quam
588 3064 721 3121 hactenns
745 3074 871 3122 tenuerat
893 3069 966 3122 vlam
989 3069 1088 3125 sectari
1114 3069 1245 3142 deinceps

101 3153 271 3211 decreverit?
290 3154 384 3224 Neque
403 3153 476 3208 enim
498 3154 522 3209 is
539 3163 582 3209 est
601 3156 674 3211 Dens
691 3156 738 3227 qni
757 3158 861 3227 plantet
879 3167 910 3213 ut
928 3159 1041 3226 evellat,
1061 3159 1108 3230 qui
1130 3159 1246 3216 aedificet

101 3257 132 3301 ut
157 3246 290 3301 destruat.
317 3244 422 3314 Nempe
444 3244 502 3299 sive
533 3243 658 3317 dogmata
680 3246 801 3314 interna,
824 3249 882 3304 sive
905 3249 1020 3305 sormam
1047 3260 1188 3304 externam
1213 3264 1246 3305 ae

101 3335 261 3390 methodum
278 3335 423 3406 respicias,
439 3333 553 3405 periceit
569 3335 679 3406 quidem
696 3337 769 3392 Deus
785 3354 833 3408 per
850 3339 1044 3395 revelationem
1062 3339 1242 3394 christianam

101 3442 132 3482 ca
154 3443 215 3498 quae
235 3435 315 3482 antea
339 3427 412 3480 inter
440 3425 565 3480 homines
589 3426 691 3482 eleetos
715 3427 842 3499 vigebant
866 3429 1005 3494 instituam
1033 3437 1061 3484 at
1083 3430 1243 3500 neutiquam

100 3516 240 3573 damnavit
255 3525 303 3571 aut
323 3517 406 3572 etiam
424 3515 536 3570 delevit.

137 3607 237 3663 Verum
255 3607 307 3662 init
321 3616 349 3662 et
361 3607 415 3661 alia
428 3608 497 3664 ratio
513 3623 586 3678 qnae,
604 3617 634 3662 ut
650 3623 708 3662 rem
724 3606 765 3662 sie
777 3605 860 3662 altius
874 3614 1042 3677 repeterem,
1058 3607 1131 3662 haud
1145 3621 1243 3678 parum

100 3713 145 3753 me
160 3697 279 3769 impulit.
296 3697 376 3752 Enim
390 3712 455 3754 vero
471 3697 598 3753 inveteri
612 3697 691 3765 orbe,
705 3713 866 3753 notaveram
881 3697 1041 3770 religionem
1054 3697 1243 3769 populumque

99 3787 218 3843 electum
233 3786 422 3843 tantummodo
440 3803 537 3843 sumus
555 3787 741 3858 conspecturi,
761 3797 789 3843 at
806 3788 895 3844 obiter
912 3790 995 3843 etiam
1015 3788 1109 3844 oculos
1127 3804 1242 3845 conver-

101 3886 191 3933 tentes
214 3876 243 3932 in
264 3892 311 3933 eas
332 3894 393 3948 quae
415 3877 430 3932 a
453 3878 512 3933 veri
535 3878 645 3933 tramite
666 3877 827 3934 deiecerunt
847 3887 955 3952 gentes,
979 3893 1093 3948 quaeque
1121 3878 1243 3934 hominis

100 3967 169 4022 ebrii
193 3967 280 4022 instar
303 3966 499 4023 intermedias
521 3967 649 4023 tenebras
668 3968 819 4024 titubantes
839 3969 867 4023 in
884 3969 975 4024 varios
999 3969 1101 4025 erroris
1114 3969 1242 4041 scopulos

99 4057 176 4112 velut
195 4057 274 4113 caeeis
300 4056 388 4114 oculis
410 4057 545 4129 prolapsae
568 4066 646 4120 sunt,
665 4073 699 4113 ex
724 4074 819 4114 earnm
841 4059 957 4115 historia
976 4060 1147 4131 exploratum
1173 4060 1238 4126 erit,

100 4162 196 4218 quem,
213 4146 359 4204 deficiente
379 4157 499 4204 externae
517 4147 701 4205 institutionis
719 4148 898 4220 ejusdemque
915 4148 1002 4205 firmae
1018 4165 1050 4205 ae
1069 4158 1135 4206 tutae
1153 4139 1242 4205 admi-

100 4239 210 4306 niculo,
238 4239 340 4298 exitum
368 4239 497 4297 sortitura
524 4239 560 4296 sit
585 4237 692 4312 religio.
718 4239 805 4309 Nam,
833 4250 863 4297 ut
889 4240 956 4296 mihi
982 4239 1094 4313 quidem
1118 4240 1240 4308 videtur,

1056 4360 1070 4415 l
