3150 5160
477 376 502 419 s.
526 374 658 420 crunnus
679 373 827 421 nouimus.
1186 365 1226 424 to

78 531 125 580 est
146 521 232 597 (1).»
251 523 338 597 lgitur
360 537 393 580 ex
414 520 566 579 Clementis
586 521 724 578 sententia
746 536 919 593 nequaquam
941 536 1039 579 omnes
1062 537 1142 595 pares
1164 535 1230 580 suut

78 613 111 667 in
130 609 235 667 Christi
253 609 384 677 ecclesia,
397 610 447 666 sed
466 611 513 668 alil
533 611 597 666 aliis
614 610 821 682 subjiciuntur;
838 621 921 682 atque
938 611 975 668 ita
990 611 1103 669 tandem
1122 623 1230 671 constat

78 715 113 756 ea
133 699 257 755 fidelium
271 700 378 768 unitus,
391 715 474 771 quam
490 715 525 756 ex
536 700 667 771 Apostolo
681 715 782 771 corpus
797 700 927 772 appellat.

118 789 179 857 Quo
194 805 260 846 vero
272 788 381 845 firmius
396 798 499 846 statuat
511 790 692 862 subjectionis
709 791 918 857 necessitatem,
934 800 1112 864 mentemque
1130 791 1229 850 Corin-

79 878 205 936 thiorum
226 879 261 934 ab
276 879 449 935 auctoritatis
466 880 601 936 divinitus
619 880 754 936 institutae
772 890 931 952 contemptu
949 882 1059 954 longius
1075 893 1181 950 avocet,
1199 885 1229 940 in

79 969 244 1024 memoriam
263 985 359 1025 eorum
379 979 489 1025 revocat
512 970 633 1026 hominis
652 970 706 1026 sibi
725 968 851 1025 sufficere
871 985 925 1025 non
946 971 1065 1026 valentis
1083 971 1230 1028 imbecilli-

80 1068 168 1114 tatem
180 1101 187 1126 ,
198 1060 358 1131 pariterque
373 1070 570 1116 commemorat
582 1075 679 1132 poenas
696 1060 798 1131 quibus
810 1059 919 1115 efficere
933 1061 1075 1117 consuevit
1090 1063 1163 1120 licus
1181 1079 1229 1122 eos

79 1147 131 1218 qui
147 1149 300 1204 ordinema
314 1163 344 1203 se
357 1148 539 1204 coustitutum
552 1157 736 1221 aspernamur
749 1163 781 1203 ac
795 1147 951 1204 deturbant.
966 1149 1000 1203 Et
1010 1165 1092 1219 porro
1105 1151 1142 1206 ita
1154 1152 1229 1223 loqui

80 1240 173 1312 pergit
187 1240 214 1295 S.
230 1241 328 1295 Pater:
342 1238 432 1295 «Cum
446 1240 531 1312 igitur
544 1241 602 1296 hoec
615 1239 695 1295 nobis
709 1238 766 1294 sint
779 1238 937 1303 manifesta,
949 1239 1032 1294 etiam
1047 1241 1074 1295 in
1095 1242 1229 1312 profunda

79 1329 184 1385 divinar
201 1328 368 1401 cognitionis
388 1328 627 1400 introspicientes,
648 1328 780 1384 debemus
799 1329 891 1384 omnia
909 1329 962 1384 rite
981 1340 1008 1384 et
1026 1331 1123 1387 ordine
1140 1332 1230 1389 lacere

79 1435 144 1490 quae
157 1420 292 1476 Dominus
305 1435 436 1492 peragere
450 1435 501 1476 nos
512 1421 610 1491 jussit,
623 1419 787 1490 praestitutis
800 1419 883 1474 etium
895 1420 1065 1490 temporibus
1075 1421 1229 1478 oblationes

80 1517 110 1564 et
129 1509 220 1564 ossicia
239 1524 317 1564 sacra
334 1508 466 1580 perticere
485 1523 493 1563 ι
510 1523 600 1579 neque
618 1517 722 1564 temere
737 1508 781 1563 rel
801 1507 956 1564 inordinate
974 1509 1133 1575 voluitista
1152 1510 1228 1578 steri,

79 1599 132 1655 sed
153 1600 265 1656 statutis
284 1599 456 1670 temporibus
473 1607 500 1654 et
518 1599 608 1666 horis,
624 1599 671 1654 ubi
687 1598 771 1654 etiarn
787 1602 811 1653 ct
827 1615 845 1652 o
858 1598 955 1668 quibos
969 1601 1068 1669 percpi
1085 1601 1158 1665 uult,
1172 1603 1231 1671 ipse

78 1691 265 1745 excelsissimo
277 1707 328 1744 too
339 1691 477 1746 uoluntate
490 1690 620 1757 definivit.
628 1729 650 1743 ..
664 1688 776 1745 Summo
787 1688 888 1759 quippe
901 1689 1034 1743 sacerdoti
1047 1705 1099 1743 ouo
1115 1705 1231 1747 munero

80 1781 191 1836 tributo
212 1787 292 1847 suot,
319 1780 502 1836 sacerdotibus
524 1780 597 1833 locut
618 1780 752 1849 proprios
772 1779 930 1850 assignatos
950 1786 1004 1845 eet,
1024 1786 1048 1835 et
1070 1781 1159 1835 levitis
1178 1799 1231 1838 etto

79 1871 240 1925 ministerio
251 1871 422 1925 incombunt.
438 1869 536 1924 boicae
551 1872 693 1940 preceptio
711 1872 790 1925 loicie
804 1871 1002 1940 constringitur
1018 1867 1230 1942 (blm—Vides

81 1960 317 2030 quemadmodum
336 1960 416 2015 docet
436 1967 550 2015 sanctus
562 1958 758 2030 Apostolorum
777 1958 931 2030 discipulus
948 1959 1139 2015 auctoritatem
1159 1961 1232 2018 hanc

79 2064 166 2119 quam
189 2049 219 2105 in
242 2065 319 2106 sacra
341 2049 497 2105 hierarchia
516 2050 672 2116 cernimus,
696 2050 797 2120 cuique
816 2049 845 2103 in
864 2049 994 2105 omnibus
1015 2065 1112 2120 parere
1130 2052 1231 2110 debent

80 2137 188 2194 Christi
211 2140 326 2205 fideles,
347 2155 363 2194 a
385 2139 478 2196 divino
501 2139 629 2194 mandato
650 2147 743 2194 ortum
766 2139 886 2195 trahere.
910 2139 945 2196 Ut
967 2140 1041 2196 eninr
1064 2141 1093 2195 in
1116 2144 1230 2215 antiquo

82 2229 204 2297 loedere,
223 2231 296 2302 quod
312 2229 423 2301 quidem
447 2228 544 2285 crebro
565 2228 604 2284 ait
625 2226 770 2295 Clemens,
799 2229 872 2284 licus
895 2229 1080 2286 sacerdotium
1102 2234 1232 2306 magiste-

80 2320 192 2375 riumve
215 2320 375 2377 instituerat
396 2319 552 2376 columnas
573 2319 647 2374 circa
669 2333 701 2375 ea
725 2335 787 2390 quoe
806 2319 948 2392 religionis
970 2329 1049 2376 erant
1070 2321 1228 2388 obedirent,

81 2408 219 2480 cujusque
233 2418 326 2480 partes
339 2425 531 2481 praeoccupare
542 2409 648 2464 nemini
664 2408 705 2465 las
722 2425 785 2465 esse
800 2417 908 2482 poterat
922 2408 982 2484 (5);
997 2410 1038 2466 sic
1053 2419 1081 2466 et
1100 2411 1129 2466 in
1145 2427 1230 2469 evan-

81 2497 171 2570 gelica
187 2499 247 2572 lege
264 2497 384 2569 providit
407 2499 540 2554 Dominus
559 2508 591 2554 ut
609 2499 731 2570 episcopi
752 2508 780 2556 et
801 2500 956 2573 presbyteri
980 2500 1228 2568 constituerentur,

82 2602 170 2658 penes
184 2603 253 2657 quos
273 2597 348 2644 esset
361 2603 420 2644 rem
439 2589 597 2663 religiosam
612 2591 772 2646 universam
789 2606 884 2664 regere
899 2599 928 2648 et
942 2591 1080 2662 reliquum
1095 2593 1229 2664 populum

82 2677 270 2732 christianum
289 2679 443 2750 gubernare
461 2694 494 2733 ac
513 2679 660 2734 moderari.

122 2765 257 2820 Praeclare
276 2771 342 2822 nero
364 2767 499 2821 rationem
521 2767 600 2822 aliert
621 2784 670 2824 cur
691 2769 815 2826 doctrina
839 2770 873 2825 ab
895 2769 1033 2841 episcopis
1055 2770 1156 2825 tradita
1178 2786 1229 2827 ceu

83 2869 151 2911 vora
172 2852 275 2910 Christi
294 2854 419 2909 doctrina
439 2854 562 2908 habenda
582 2854 634 2920 sit,
657 2865 685 2911 et
700 2871 749 2911 cur
771 2857 840 2928 ipsis
859 2857 896 2913 sit
917 2858 945 2912 iu
967 2858 1097 2914 omnibus
1122 2861 1229 2916 obtem-

85 2943 261 3014 perandum:
279 2944 354 2999 vices
371 2959 470 3015 nempe
486 2945 680 3015 Apostolorum
699 2956 814 3019 gerunt,
831 2948 879 3018 qui
899 2958 926 3004 et
944 2950 997 3021 ipsi
1017 2950 1125 3005 Domini
1143 2951 1226 3018 lesu,

84 3034 132 3090 hic
154 3042 246 3088 autem
269 3034 317 3090 Dei
341 3034 446 3100 Patris;
468 3035 654 3105 nequeenim
676 3052 772 3105 suurn,
799 3039 848 3094 sed
870 3040 905 3094 ab
927 3040 1067 3111 Apostolis
1088 3054 1230 3115 acceptum

84 3123 199 3181 tradunt
214 3124 337 3196 episcopi
358 3123 527 3191 doctrinam;
549 3139 600 3179 nec
621 3140 686 3182 vero
706 3127 846 3198 propriam
864 3129 1002 3186 tradidere
1019 3130 1160 3203 Apostoli,
1181 3135 1230 3190 sed

84 3214 205 3282 Christi,
219 3216 267 3286 qui
285 3225 312 3272 et
329 3217 388 3288 ipse
403 3216 494 3270 aiebat
509 3231 515 3270 :
528 3232 587 3269 meo
604 3216 728 3272 doctrino
746 3233 802 3272 ooo
817 3226 855 3274 est
873 3236 946 3286 meo,
961 3223 1006 3275 sed
1019 3223 1137 3292 ejusqui
1152 3225 1230 3280 misit

83 3322 126 3360 me
138 3307 242 3362 Patris.
257 3307 395 3378 Perspicis
409 3319 474 3363 sane
487 3319 570 3375 quam
584 3306 713 3374 praeclara
728 3305 764 3361 sit
779 3307 836 3362 haec
849 3307 1000 3366 Clementis
1013 3313 1232 3383 argumentati03

83 3400 114 3448 at
130 3408 208 3464 reque
223 3394 334 3449 fatearis
354 3409 468 3449 necesse
485 3403 528 3450 est
540 3404 709 3466 quantopere
726 3412 757 3451 ea
776 3401 989 3469 protestantium
1005 3403 1107 3475 regulae
1123 3405 1157 3460 de
1174 3405 1233 3475 pri-

83 3492 147 3541 vato
166 3484 292 3539 examine
308 3484 470 3558 refragetur.
488 3486 550 3557 lps'a
566 3485 687 3542 auctoris
700 3488 783 3542 verba
801 3488 967 3546 audiamus:
984 3509 998 3541 ι(
1009 3490 1133 3562 Apostoli
1150 3492 1233 3550 nobis

83 3593 100 3632 a
117 3575 227 3632 Christo
239 3577 509 3651 evangelizaverunt,
523 3576 604 3632 lesus
618 3573 746 3633 Christus
760 3593 776 3632 a
792 3577 858 3633 lieo.
872 3578 972 3634 blissus
987 3580 1062 3634 enirn
1075 3590 1119 3636 est
1133 3580 1232 3638 Chris-

83 3676 131 3722 tus
150 3666 257 3731 olleo,
277 3677 304 3722 et
322 3666 446 3740 Apostoli
465 3683 480 3724 a
498 3666 623 3736 Christo;
642 3675 669 3723 et
691 3666 853 3726 factumest
873 3677 1022 3740 utrumque
1044 3671 1174 3729 decenter
1196 3689 1230 3730 ex

112 3871 155 3938 (l)
168 3872 195 3922 C.
207 3871 240 3920 38
253 3885 267 3919 tt
281 3870 392 3927 σωζισθω
405 3888 446 3920 ουν
455 3869 525 3938 ἡμων
538 3874 595 3920 ολον
608 3888 636 3920 το
649 3885 721 3938 copia
734 3872 759 3921 io
772 3869 874 3939 Χριστω
886 3870 985 3932 Ἰησου,
998 3887 1041 3920 και
1054 3872 1229 3925 ὑποτασσεσθω

84 3968 189 4009 exactor
208 3970 243 4017 τῳ
262 3955 364 4006 uinctos
381 3951 473 4014 cirron,
492 3955 574 4009 καθως
593 3967 638 4000 και
658 3953 723 4007 drabo
746 3954 769 4003 ἐν
789 3972 824 4019 τῳ
841 3969 978 4022 χαρισματι
995 3953 1083 4006 αὐτου.
1097 3974 1111 4007 ))

118 4034 182 4100 (2)‹t
191 4033 234 4099 Τῳ
245 4051 294 4102 γαρ
311 4033 416 4103 ἀρχιεριι
428 4027 490 4084 iduor
507 4039 655 4102 latronpqtot
668 4027 797 4103 διδομεναι
814 4035 886 4096 εἰσιν,
904 4051 947 4084 και
962 4051 1012 4093 τοις
1031 4036 1131 4106 ‘repensio
1141 4032 1228 4096 thoro

83 4135 160 4174 τοπος
179 4131 377 4185 προστετακται,
395 4131 438 4165 και
457 4120 561 4174 ienitate
582 4109 645 4165 ibunt
663 4108 790 4172 διακονιαι
809 4117 949 4168 tumoros-
966 4115 1081 4178 ὸλαῖκος
1102 4119 1228 4186 ἅνθρωπος

83 4201 137 4256 τοῖς
156 4201 254 4257 λαῖκοῖς
273 4215 459 4269 προσταγμασιν
471 4192 578 4253 dederat·
592 4217 606 4252 tt
617 4201 644 4254 C·
657 4200 697 4251 40.

117 4280 161 4346 (5)
175 4283 202 4332 C.
214 4286 254 4333 ll.
