3150 5160
351 341 390 399 to
502 355 541 399 ns
561 353 735 401 nnnvovonvs
752 356 830 401 anre
851 355 1000 402 cuntsvuu
1025 358 1127 404 unvuu
1150 354 1346 404 oonntvvorvn.

347 501 494 558 allevemus
507 500 688 569 testimoniis,
703 517 759 558 non
774 501 937 560 traditiones
954 511 1076 572 motum,
1093 503 1239 560 sedetiam
1255 503 1427 562 auctoritatis
1444 519 1494 561 seu

347 591 532 648 institutionis
555 592 628 646 viam
653 593 755 663 saepius
787 593 975 648 commendari
1001 594 1207 650 animadvertas
1235 596 1337 660 velim;
1364 596 1495 666 quoniam

347 699 413 739 vcro
433 698 464 737 ea
480 682 514 737 ad
530 681 695 738 traditiones
709 682 887 754 potissimum
904 692 1044 754 spectant,
1057 685 1119 741 idco
1132 684 1166 739 ad
1179 701 1227 742 eas
1240 685 1374 758 peculiari
1389 687 1496 742 ratione

347 772 508 830 statuendas
527 771 575 826 illa
595 772 648 828 hoo
667 772 728 828 loco
747 772 878 828 exhibere
897 772 1081 829 decrevimus.

352 908 355 915 .
384 865 486 936 Dogma
504 861 685 918 israeliticum
704 870 761 930 est,
781 863 872 934 inquit
890 862 930 919 ct.
951 864 1059 920 Molitor
1074 862 1141 939 (ll,
1164 864 1249 938 Moysi
1269 864 1299 920 in
1319 873 1411 921 monte
1428 863 1495 921 Sina

346 967 401 1008 uua
414 968 478 1007 cum
495 952 555 1023 lege
567 949 721 1006 doctrinam
734 960 763 1006 et
775 951 973 1022 explicationes
990 955 1077 1029 magis
1103 955 1264 1027 perspicuas
1277 969 1293 1009 a
1309 954 1367 1010 beo
1378 954 1495 1012 traditas

346 1041 433 1098 fuisse
455 1041 529 1097 circa
549 1055 581 1096 ca
601 1056 662 1112 quae
680 1049 739 1097 tunt
762 1041 797 1095 ad
816 1040 1022 1114 intelligendam
1044 1054 1104 1101 tum
1125 1044 1160 1101 ad
1182 1043 1386 1115 exsequendam
1404 1045 1494 1119 legem

336 1133 475 1188 attinent.

385 1222 509 1279 Primum
528 1219 601 1292 quod
621 1220 651 1275 in
670 1220 743 1276 hanc
758 1235 817 1276 rem
834 1221 956 1278 occurrit
973 1221 1194 1278 testimoniuma
1215 1222 1297 1279 nobis
1308 1222 1494 1279 enarrandum

346 1328 382 1370 ex
401 1312 496 1368 Flavio
516 1312 637 1383 losepho
655 1312 817 1383 accipimus.
830 1311 876 1368 hit
895 1313 959 1378 ille,
978 1313 1103 1386 Moysen,
1124 1322 1271 1384 postquam
1289 1314 1391 1370 ludaeis
1405 1314 1494 1387 legem

346 1402 397 1459 Ilei
421 1402 656 1475 promulgaverat,
678 1402 778 1456 deinde
801 1417 849 1458 ecs
869 1400 999 1458 docuisse
1020 1402 1251 1473 quemadmodum
1280 1404 1410 1459 universa
1431 1406 1494 1474 cius

346 1495 458 1550 decreta
480 1503 576 1550 essent
598 1493 733 1548 servanda
760 1491 821 1567 (i).
844 1493 918 1548 Alibi
943 1491 1047 1564 pariter
1073 1499 1192 1548 testatur
1217 1493 1368 1563 pharisaeos
1391 1494 1494 1565 populo

346 1585 456 1641 tradere
477 1584 573 1640 solitos
595 1599 657 1639 esse
678 1593 816 1656 praecepta
838 1584 946 1655 quaein
968 1585 1027 1657 lege
1047 1582 1150 1653 scripta
1169 1597 1226 1638 non
1248 1593 1411 1648 occurrunt,
1432 1600 1494 1654 quae

345 1684 439 1730 autem
457 1691 476 1729 o
493 1675 647 1742 maioribus
666 1676 799 1728 continua
816 1675 974 1729 traditionis
992 1673 1061 1727 serie
1080 1688 1202 1742 accepere
1219 1670 1284 1746 (5).

385 1763 499 1831 Quodsi
511 1778 594 1837 porro
609 1765 791 1835 paraphrases
805 1764 974 1831 chaldaicas,
987 1776 1048 1834 quoe
1061 1761 1184 1834 prolecto
1195 1761 1396 1833 antiquissimae
1411 1771 1492 1830 sunt,

346 1855 443 1913 sedulo
456 1855 640 1927 pervolveris,
654 1856 682 1909 in
703 1855 738 1910 iis
751 1855 905 1926 pracsertim
921 1868 1008 1910 sacrae
1021 1852 1169 1923 Scripturas
1181 1852 1250 1908 locis
1268 1868 1329 1924 quac
1344 1852 1380 1909 dc
1392 1853 1493 1909 llessia

345 1955 394 2001 aut
419 1946 502 2000 etiam
529 1946 564 2002 de
598 1944 646 2001 SS.
671 1945 807 2000 Trinitate
833 1943 939 2016 aliquid
977 1944 1176 2000 subobscurius
1194 1943 1338 2008 'innuuut
1370 1944 1434 1999 illas
1462 1943 1493 1999 in

345 2035 553 2106 interpretando
572 2035 673 2106 saepius
697 2034 781 2090 inniti
800 2034 934 2090 doctrinis
952 2032 1025 2105 apud
1038 2032 1147 2088 ludaeos
1166 2047 1201 2087 ex
1217 2031 1365 2087 traditione
1383 2041 1492 2088 tantum

345 2127 419 2182 uotis
433 2142 515 2197 quam
529 2126 664 2182 citissime
681 2125 857 2198 perspexeris
873 2122 932 2197 (dl.
946 2124 981 2178 ht
1000 2132 1031 2178 ut
1044 2122 1146 2178 lactum
1166 2122 1321 2194 publicum,
1339 2121 1413 2192 quod
1432 2138 1492 2178 reru

346 2216 459 2288 penitus
481 2216 624 2283 conficiat,
642 2215 768 2282 aderam,
788 2230 879 2271 noune
900 2229 934 2269 ex
955 2213 1072 2269 historia
1089 2212 1268 2268 notissimum
1286 2220 1329 2266 est
1345 2220 1492 2283 pervetus·

345 2315 403 2362 tam
421 2323 487 2363 sanc
508 2306 718 2362 Sadducaeorum
739 2314 842 2361 sectam
859 2305 888 2359 in
908 2319 940 2359 eo
960 2303 1078 2358 maxime
1094 2317 1111 2356 a
1129 2301 1246 2372 reliquis
1264 2300 1367 2357 ludaeis
1385 2301 1493 2357 diserc-

345 2411 444 2468 passe,
461 2397 533 2468 quod
552 2397 715 2453 traditiones
732 2405 763 2452 ut
781 2405 935 2452 commenta
953 2394 1071 2449 humana
1089 2392 1233 2464 rejiceret,
1252 2390 1408 2463 Scripturas
1426 2409 1491 2449 vero

345 2495 476 2558 tanquam
496 2486 608 2542 unicum
628 2486 771 2559 religionis
784 2485 887 2541 loutem
904 2486 1070 2559 stragulam
1090 2483 1231 2540 habendas
1243 2481 1423 2539 teneretihb
1437 2484 1491 2541 isto

344 2585 438 2632 autem
464 2576 579 2648 proiecti
600 2576 754 2647 principio,
777 2575 876 2630 animae
897 2574 1131 2630 immortalitatem
1152 2582 1181 2629 ct
1202 2573 1273 2630 vitae
1286 2573 1386 2629 lutura
1408 2573 1491 2629 iidem

347 2681 364 2722 c
383 2666 507 2738 symbolo
520 2665 678 2722 ludaeorum
691 2662 885 2738 expungendas
899 2680 962 2722 csse
981 2665 1147 2733 censebant,
1165 2665 1269 2736 quippe
1285 2679 1347 2736 quae
1364 2662 1489 2736 dogmata

345 2757 487 2827 conceptis
499 2755 592 2812 verbis
602 2756 631 2810 in
646 2755 798 2826 Scripturis
811 2755 956 2810 enunciata
969 2755 1098 2827 nuspiam
1111 2763 1267 2812 occurrant.
1281 2756 1317 2812 Et
1336 2768 1367 2810 re
1378 2753 1489 2825 quidem

344 2860 410 2900 vera
428 2846 555 2919 dogmata
576 2845 644 2912 ista,
664 2858 829 2914 quamquam
848 2843 894 2898 hio
918 2845 976 2901 illic
995 2846 1023 2900 in
1046 2845 1134 2902 sacris
1152 2845 1253 2902 litteris
1271 2843 1374 2901 veteris
1396 2843 1492 2899 lasta-

346 2936 433 2990 meuti
451 2936 619 3000 innuuntur,
641 2934 715 2989 haud
735 2933 773 2989 ita
791 2943 883 2990 tamen
902 2934 1006 2990 diserte
1024 2935 1053 2990 in
1072 2935 1113 2991 eis
1133 2934 1234 2990 tradita
1251 2941 1491 2990 monstrarentur:

346 3034 455 3082 constat
482 3035 574 3081 autent
599 3025 646 3079 illa
674 3025 747 3080 inter
771 3025 910 3096 praecipua
933 3024 1075 3098 religionis
1100 3025 1189 3096 capita
1211 3039 1227 3078 a
1251 3022 1367 3093 reliquis
1389 3021 1492 3079 ludaeis

347 3114 441 3170 habita
454 3114 550 3171 fuisso.
563 3114 708 3187 Colligitur
720 3129 785 3188 ergo
800 3113 962 3169 Saddueaeos
981 3113 1077 3169 eadem
1097 3112 1315 3170 statuisse-circa
1334 3109 1491 3180 Scripturas

347 3206 484 3277 principia
506 3221 568 3277 quac
588 3205 735 3261 recentiori
758 3213 837 3260 aetate
859 3212 1044 3276 protestantes
1067 3203 1140 3259 tueri
1166 3202 1346 3264 studuerunt,
1372 3199 1492 3272 illosque

347 3294 410 3350 ideo
426 3310 442 3348 a
458 3295 532 3350 veris
549 3293 685 3350 Israelitis
704 3303 735 3348 ut
750 3293 887 3350 haereseos
906 3295 1011 3350 scelere
1028 3293 1144 3349 foedatos
1161 3291 1303 3348 traductos
1319 3288 1415 3345 luisse.

383 3383 558 3441 Traditiones
573 3383 646 3455 quod
660 3384 773 3449 attinet,
788 3384 909 3455 sequiori
928 3400 985 3440 aevo
999 3383 1212 3440 Sadducaeorum
1228 3379 1345 3453 vestigia
1363 3396 1491 3452 premere

346 3473 477 3529 visisunt
489 3473 616 3540 Caraitac,
630 3474 677 3544 qui
691 3489 750 3528 eam
764 3476 799 3531 ob
813 3489 923 3530 oausam
935 3483 965 3530 ut
979 3475 1100 3531 haeretici
1115 3475 1244 3546 paritcra
1257 3471 1373 3542 reliquis
1386 3471 1490 3530 Judaeis

348 3563 494 3620 habentur.
515 3564 657 3621 Immerito
675 3564 787 3636 quidem
806 3565 920 3622 Caraitae
938 3565 972 3620 ab
994 3565 1134 3637 aliquibus
1151 3563 1311 3621 auctoribus
1330 3561 1490 3620 Sadducaeis

386 3763 432 3826 (l)
450 3764 605 3827 Philosophia
622 3766 667 3815 der
683 3766 834 3824 Gosclu'cblc,
849 3767 907 3814 oder
923 3767 985 3817 iiber
1000 3768 1039 3817 dic
1056 3767 1194 3824 Praxidica,
1209 3772 1270 3815 tom.
1286 3765 1310 3824 l,
1327 3781 1352 3832 p.
1370 3769 1411 3815 li.

381 3845 429 3910 (ἢ)
440 3861 453 3893 u
466 3843 523 3896 Καὶ
540 3862 592 3914 περι
607 3864 657 3896 των
671 3845 735 3897 olom
747 3845 775 3897 ὸν
788 3847 818 3896 ὄιν
835 3851 953 3915 πραχθειη
970 3849 1059 3915 τρόπον
1078 3848 1101 3898 ἐν
1117 3849 1168 3905 τοῖς
1183 3842 1254 3895 abdat
1271 3861 1424 3912 auacnpatvs
1434 3864 1493 3914 χρο-

348 3941 421 3983 νοις»
435 3931 520 3991 Autiq.
531 3928 581 3987 ΙΙΙ,
594 3933 625 3990 5,
638 3946 664 3980 n.
677 3933 702 3980 6.

383 4009 429 4072 (3)
447 4026 459 4056 vv
470 4009 506 4058 Ea
517 4025 629 4078 πατερων
641 4003 772 4074 &adopts
783 4029 798 4062 t)
811 4012 875 4062 ibid.
887 4011 954 4073 xlll,
970 4013 1014 4072 10,
1030 4027 1057 4061 n.
1071 4013 1096 4061 6.

381 4092 425 4155 (t)
443 4091 522 4150 Quam
540 4092 651 4158 plurima
664 4093 832 4146 traditionum
843 4092 1004 4160 judaicarum
1024 4091 1190 4155 documenta,
1208 4092 1285 4147 ducta
1303 4101 1357 4145 tum
1373 4109 1403 4143 ex
1419 4108 1494 4158 para·

348 4171 486 4239 phrasibus
502 4172 653 4234 chaldaicis,
674 4183 728 4226 tum
749 4190 779 4225 ex
801 4175 903 4242 scriptis
926 4173 1076 4235 rabbinicis,
1097 4172 1200 4229 exhibet
1223 4173 1368 4242 boymund.
1389 4173 1492 4227 llortiui

349 4255 500 4321 praclarum
516 4271 580 4322 opus
600 4257 762 4323 :Pupiofidei
777 4258 899 4308 adversos
916 4261 1018 4308 Mauros
1034 4263 1055 4308 et
1075 4259 1180 4308 Judoroa.
