3150 5160
214 344 274 405 20AE
602 357 640 401 un
661 357 754 402 sacua
774 357 948 400 scararum.

210 514 304 562 rentes
318 505 406 560 multa
418 504 484 569 alia,
500 511 529 559 ut
548 503 592 569 lit,
613 502 715 558 cursim
735 511 763 557 et
780 501 870 558 obiter
888 519 943 558 nno
961 502 1082 559 alterove
1100 501 1233 559 vocabulo
1250 504 1349 578 attige-

210 597 280 663 rint;
291 611 365 668 quae,
378 593 507 667 quoniam
520 592 598 664 prius
611 592 712 648 tradita
725 590 848 658 lucrant,
862 608 917 647 non
929 607 999 663 opus
1013 601 1072 648 erat
1085 593 1213 664 pluribus
1226 592 1348 665 aperire,

211 685 259 741 sed
273 684 340 741 satis
353 683 505 739 habebatur
524 683 553 736 in
571 691 733 737 transcursu
751 682 867 738 innuere
885 682 979 752 sicque
997 683 1026 737 in
1045 681 1170 738 fidelium
1187 682 1349 737 memoriam

210 790 348 831 revocare.
368 775 444 848 Rogo
462 782 571 839 autem,
590 771 653 843 quis
667 771 715 826 illa
735 772 824 828 obiter
837 773 1012 829 subindicata
1029 774 1172 845 percipere
1185 773 1274 844 possit
1295 773 1350 829 nisi

211 868 236 922 is
246 866 275 921 iu
293 866 373 938 cujus
388 873 480 920 mente
496 863 553 935 jam
565 863 620 918 alte
638 861 777 917 insideant
795 863 870 917 varia
891 863 945 920 ista
962 862 1070 919 decreta
1088 880 1149 935 quae
1168 863 1213 918 his
1232 863 1262 918 iu
1280 863 1350 920 locis

211 956 385 1029 respexerint
402 953 545 1027 Apostoli?
557 954 628 1010 Hinc
646 969 712 1010 vero
728 953 758 1009 lit
775 963 806 1010 ut
824 954 944 1028 theologi
964 954 1110 1021 catholici,
1130 961 1226 1024 utpote
1239 953 1275 1011 iis
1292 953 1349 1023 jam

212 1046 356 1112 instructi,
371 1061 452 1117 quam
470 1045 589 1115 plurima
606 1044 675 1100 satis
691 1053 786 1116 aperte
807 1045 880 1101 dicta
899 1046 929 1100 in
946 1044 1098 1115 Scripturis
1115 1044 1269 1110 offendant,
1289 1060 1350 1115 quae

213 1138 268 1195 uisi
281 1137 392 1194 aliunde
406 1146 468 1193 nota
481 1136 571 1192 forent
583 1134 757 1207 perdifficilia
773 1145 848 1191 certe
866 1151 899 1190 ac
911 1135 1078 1208 perobscura
1091 1135 1261 1190 riderentur.

257 1227 358 1283 Verum
380 1226 432 1282 etsi
450 1227 584 1282 hacteuus
600 1226 739 1298 disputata
755 1224 834 1281 firma
850 1242 883 1282 ac
901 1235 960 1282 rata
982 1226 1053 1292 sint,
1072 1225 1114 1281 lac
1130 1235 1223 1281 tamen
1237 1233 1347 1296 protes-

216 1328 322 1385 tantes,
339 1333 457 1389 quorum
476 1316 623 1372 methodus
638 1315 706 1372 adeo
725 1316 873 1372 arationis
894 1315 938 1371 via
956 1317 1087 1372 abhorret
1111 1324 1188 1371 utne
1210 1315 1240 1369 in
1262 1330 1346 1370 usum

212 1409 323 1480 quidem
345 1423 466 1479 unquam
481 1406 580 1463 adduci
594 1406 696 1478 possit,
715 1407 793 1477 prius
810 1406 924 1478 perinde
943 1422 974 1462 ac
993 1407 1144 1463 catholicos
1167 1405 1349 1461 christianam

212 1499 373 1572 religionem
404 1497 512 1554 edoceri
539 1512 621 1568 quam
647 1495 681 1551 ad
714 1496 870 1568 Scripturas
896 1496 1117 1568 interpretandas
1143 1496 1348 1570 aggrediantur.

211 1589 283 1645 Num
317 1588 402 1661 igitur
426 1597 483 1642 tam
511 1588 591 1658 plana
616 1586 699 1643 etiam
724 1586 771 1642 liet
797 1586 938 1658 Scriptura
970 1596 1014 1654 ut,
1040 1587 1063 1642 si
1087 1586 1207 1658 quisque
1240 1584 1295 1642 sibi
1319 1586 1347 1640 in

212 1677 382 1750 explanando
404 1677 589 1749 relinquatur,
616 1675 695 1732 facile
714 1692 746 1732 ea
768 1676 939 1750 intelligatur
960 1685 1043 1748 atque
1062 1677 1127 1732 inde
1148 1677 1221 1731 clara
1247 1691 1280 1731 ac
1297 1676 1349 1731 sibi

211 1778 341 1825 constans
354 1767 490 1824 sententia
503 1767 538 1824 ab
551 1767 679 1824 omnibus
692 1765 823 1825 eruatur?
832 1768 874 1824 hd
892 1768 965 1824 hanc
981 1768 1152 1824 enodandam
1169 1766 1349 1838 quaestionem

212 1874 444 1931 supervacaneum
467 1858 548 1929 plane
567 1867 610 1914 est
628 1858 736 1932 longam
752 1858 905 1915 orationem
921 1859 1095 1926 adsciscere;
1124 1859 1209 1914 trium
1233 1875 1351 1931 namque

212 1949 377 2006 saeculorum
399 1948 588 2021 experimento
608 1948 718 2004 abunde
736 1948 944 2020 comprobatum
967 1959 1011 2004 est
1034 1948 1101 2021 quid
1120 1948 1155 2004 de
1176 1963 1210 2003 ea
1229 1949 1267 2005 sit
1288 1964 1350 2004 sen-

211 2039 345 2096 tiendum.
367 2038 464 2096 Omnia
491 2055 631 2095 sacrarum
657 2038 811 2094 litterarum
833 2039 909 2106 loca,
928 2054 990 2110 quae
1015 2037 1151 2110 principio
1174 2047 1230 2093 tam
1257 2048 1351 2110 aperta

211 2130 438 2197 venditabantur,
465 2130 528 2185 aliis
554 2138 637 2200 atque
662 2129 725 2184 aliis
749 2128 1023 2201 interpretationibus
1046 2127 1101 2185 sibi
1124 2127 1244 2183 invicem
1268 2143 1350 2199 repu-

212 2221 360 2292 gnantibus
382 2219 494 2276 luerunt
517 2221 672 2291 explanata,
691 2235 742 2274 nec
764 2219 838 2276 ullus
857 2220 939 2276 hodie
962 2227 1089 2291 superest
1116 2220 1193 2274 locus
1213 2235 1296 2290 quem
1323 2219 1350 2274 ia

212 2311 336 2366 diversas
348 2311 513 2381 easdemque
526 2309 678 2366 contrarias
698 2320 790 2380 partes
808 2326 862 2365 non
876 2309 1012 2366 traxerint
1027 2307 1351 2383 pseudo-reformationis

211 2400 351 2472 discipuli.
365 2401 403 2456 Ea
418 2417 452 2456 ex
472 2400 608 2472 superiori
622 2401 737 2457 historia
755 2401 784 2456 in
797 2403 900 2472 apertis
919 2409 1074 2456 versantur.
1093 2399 1204 2455 Scilicet
1225 2400 1351 2471 quamvis

212 2499 359 2561 antequam
374 2490 531 2562 Scripturas
550 2490 710 2562 pervolvant
727 2490 810 2547 fidem
828 2490 1008 2546 christianam
1021 2489 1130 2544 discant
1146 2497 1349 2560 protestantes,

213 2581 342 2652 quoniam
362 2591 453 2637 tamen
474 2582 543 2653 ipsis
564 2582 642 2637 deest
657 2582 750 2637 divina
769 2582 920 2637 auctoritas
937 2596 991 2651 qua
1010 2595 1110 2636 seusus
1130 2579 1300 2636 christianus
1318 2581 1350 2637 ab

213 2673 288 2728 omni
299 2671 374 2729 salsae
383 2672 499 2727 rationis
511 2671 705 2743 cupiditatisve
716 2671 816 2743 injuria
827 2671 897 2726 liber
906 2670 1079 2726 custodiatur
1090 2685 1255 2742 semperque
1266 2687 1350 2742 purus

212 2780 244 2819 ac
259 2763 365 2838 integer
377 2771 552 2835 permaneat,
571 2762 648 2829 ideo,
668 2762 786 2817 maxime
803 2762 828 2817 si
841 2761 1014 2817 auctoritatis
1035 2758 1079 2816 cui
1096 2760 1231 2816 hactenus
1249 2761 1352 2817 obtem-

214 2854 347 2925 perabant
368 2853 589 2909 imbecillitatem
607 2869 639 2909 ac
655 2853 865 2926 repugnantiam
886 2850 989 2906 luerint
1002 2849 1139 2917 assecuti,
1157 2849 1235 2905 brevi
1254 2849 1352 2907 titubat

214 2944 382 3015 lluctuatque
405 2944 575 3000 couscientia
594 2960 677 3015 quam
695 2943 826 3016 gerebant
847 2941 1015 3007 christiana,
1040 2955 1092 2995 uec
1111 2939 1241 3012 deinceps
1265 2940 1352 2996 eidem

215 3034 332 3088 multum
354 3034 470 3103 obsequi
482 3041 530 3088 aut
548 3033 656 3090 adeam
674 3034 818 3089 advertere
834 3032 962 3098 student,
976 3039 1058 3103 atque
1071 3030 1137 3086 hiuc
1155 3030 1254 3086 eodem
1271 3031 1355 3087 ferme

214 3123 342 3179 recidunt
360 3139 392 3179 ac
410 3125 435 3179 si
454 3125 488 3180 ab
512 3123 592 3181 initio
614 3124 706 3180 omnis
727 3122 859 3179 doctrinae
878 3122 1037 3179 christianae
1054 3131 1180 3193 expertes
1197 3120 1327 3178 fuissent.

251 3213 434 3281 Quamobrem
461 3230 559 3285 parum
587 3223 630 3269 est
655 3213 760 3270 Christi
786 3213 948 3288 religionem
975 3213 1106 3285 primitus
1132 3212 1279 3280 didicisse,
1301 3213 1354 3270 nisi

215 3312 347 3375 perpetuo
371 3302 480 3358 steterit
504 3302 596 3359 divina
621 3303 771 3359 auctoritas
796 3319 857 3374 quae
880 3319 994 3360 sensum
1025 3303 1208 3359 christianum
1234 3321 1249 3360 a
1271 3321 1303 3361 se
1327 3306 1355 3362 in

214 3393 338 3448 fidelium
358 3393 450 3448 auimo
472 3392 619 3450 formatum
641 3392 730 3450 foveat
745 3402 943 3466 conservetque
962 3409 994 3448 ac
1013 3393 1193 3465 interpretem
1209 3396 1238 3450 in
1262 3397 1356 3470 expla-

215 3484 304 3540 nando
322 3484 497 3539 continenter
515 3483 634 3558 dirigat;
647 3484 767 3555 alioqui,
786 3493 817 3539 ut
842 3484 968 3538 luctuosa
988 3482 1072 3538 nimis
1092 3485 1264 3555 experientia
1280 3502 1358 3542 mon-

216 3573 324 3640 stravit,
350 3590 382 3630 ea
407 3575 491 3630 etiam
517 3591 578 3645 qum
604 3575 756 3631 christiano
788 3574 932 3645 interpreti
958 3574 1028 3630 bene
1053 3575 1149 3631 edocto
1181 3576 1263 3647 plana
1293 3587 1358 3634 sunt

216 3664 382 3735 perobscura
406 3664 491 3732 stunt,
519 3665 607 3720 itaut
632 3680 703 3736 pene
721 3673 788 3736 quot
807 3665 933 3720 homines
953 3675 1033 3730 sunt,
1060 3674 1100 3721 tot
1122 3665 1188 3721 iude
1209 3669 1359 3724 sententiae

217 3752 370 3810 eliciantur.
384 3755 463 3823 Quod
479 3755 591 3826 quidem
604 3764 667 3826 apte
679 3764 707 3810 et
719 3756 853 3812 concinne
869 3757 983 3813 tradidit
998 3756 1160 3814 Vincentius
1180 3758 1356 3826 Lerineusis,

218 3841 298 3913 cujus
315 3845 398 3900 verba
416 3844 526 3901 anobis
539 3860 623 3916 supra
637 3843 695 3914 jam
717 3845 831 3903 recitata
851 3847 903 3904 hoc
918 3848 1001 3902 etiam
1021 3848 1080 3904 loco
1094 3847 1253 3904 exscribere
1267 3865 1358 3920 operae

218 3932 338 4003 pretium
360 3933 497 3990 ducimus.
521 3933 566 3990 Sic
591 3950 654 4009 ergo
684 3935 805 4006 loquitur
827 3935 945 4006 scriptor
968 3935 1094 4010 egregius
1117 3951 1123 3990 :
1150 3954 1165 3988 a
1192 3936 1245 3992 llic
1264 3936 1359 3994 lorsau

219 4021 341 4093 requirat
363 4023 463 4094 aliquis
488 4041 578 4080 :cum
604 4024 641 4082 sit
661 4024 799 4096 perlectus
825 4024 1032 4097 Scripturarum
1059 4040 1161 4091 canon,
1186 4026 1299 4098 sibique
1324 4027 1358 4083 ad

219 4113 311 4168 omnia
329 4113 397 4169 satis
416 4129 552 4186 superque
568 4115 702 4181 sufficiat,
722 4116 788 4187 quid
808 4132 877 4187 opus
899 4126 942 4172 est
960 4124 990 4170 ut
1008 4116 1033 4171 ei
1056 4117 1237 4172 ecclesiastico
1254 4117 1360 4172 intelli-

219 4207 316 4275 gentia
326 4205 466 4274 jungatur
483 4209 650 4262 auctoritas?
669 4205 738 4273 Quia
756 4206 886 4262 videlicet
905 4205 1074 4278 Scripturam
1096 4221 1203 4263 sacram
1223 4223 1275 4278 pro
1298 4208 1360 4279 ipsa

221 4308 271 4348 sua
283 4292 430 4349 altitudine
443 4309 499 4349 nou
514 4310 568 4352 uno
584 4295 733 4366 eodemque
745 4311 830 4351 sensu
847 4294 969 4350 universi
987 4295 1139 4367 recipiunt,
1166 4293 1216 4352 sed
1230 4295 1361 4368 ejusdem
