3166 5168
347 363 484 408 rnornsr.
509 364 568 408 cun
591 363 647 407 suo
666 362 820 407 rnrucrrro
843 361 992 407 rounam.
1042 368 1046 373 ⁴
1182 354 1237 411 lll

133 515 169 574 ht
193 529 248 586 qna
273 510 380 569 ratione
401 511 479 567 illam
497 506 666 566 methodum
689 507 724 564 ad
755 524 839 565 usum
866 510 1136 567 accommodaverim
1162 514 1244 584 primi

94 613 280 679 protestantes
296 603 354 676 jam
371 599 578 674 inspiciendum
591 607 644 656 est.
665 598 745 665 Quod
760 608 794 655 nt
806 599 915 656 facilius
928 611 957 657 et
974 600 1072 658 utilius
1084 613 1244 674 praestetur,

93 697 178 769 quid,
198 695 250 751 bac
266 692 419 751 constituta
436 689 582 757 methodo,
602 697 789 761 consequatur
801 689 925 748 breviter
943 691 973 747 in
991 692 1153 749 memoriam
1166 709 1245 752 revo-

87 788 215 844 candum
234 784 365 841 arbitror.

131 875 267 946 Quoniam
287 889 365 931 sacra
384 871 528 943 Scriptura
547 869 647 927 unicus
669 868 802 927 doctrinae
819 869 894 936 lons,
911 869 967 930 imo
986 880 1017 928 et
1033 871 1129 945 regula
1148 873 1247 945 praedl·

94 977 189 1031 catur,
222 965 410 1037 quoniamque
444 961 523 1018 nulli.
543 961 688 1018 hominurn
714 959 761 1033 jus
790 959 866 1017 inest
892 970 1008 1018 caeteros
1035 961 1165 1032 docendi,
1196 964 1246 1022 sed

94 1057 214 1130 quilibet
234 1055 289 1112 sibi
306 1062 416 1110 tantum
437 1050 521 1107 fidem
541 1051 643 1108 babere
662 1049 760 1116 debet,
784 1050 931 1109 conficitur
951 1053 1076 1124 cujusvis
1095 1068 1158 1110 esse
1178 1053 1247 1111 reli-

93 1145 187 1219 gionis
210 1145 353 1218 dogmata,
379 1142 439 1199 solo
462 1141 569 1214 privato
590 1139 690 1213 spiritu
716 1140 801 1208 duce,
828 1157 845 1198 c
870 1142 975 1198 sanctis
996 1143 1110 1200 bitteris
1131 1159 1246 1214 eruere,

94 1246 179 1308 atque
203 1235 243 1292 ita
265 1233 379 1308 quidem
404 1241 436 1289 ut
462 1232 515 1289 ulli
542 1240 666 1289 ertcrnae
687 1232 846 1289 auctoritati
869 1232 1031 1289 liderenec
1054 1233 1169 1301 debeat,
1194 1250 1247 1291 nec

95 1341 162 1383 vero
192 1325 313 1398 possit:
340 1339 423 1381 secus
456 1323 566 1380 tollitur
589 1319 688 1394 prir'ati
719 1322 856 1378 examinis
880 1323 1058 1395 principium.
1089 1323 1246 1381 Videndum

95 1417 182 1492 igitur
197 1426 241 1474 est
256 1432 292 1471 an
313 1423 512 1487 protestantes,
536 1413 672 1488 exagitata
694 1413 767 1486 apud
787 1413 939 1470 catholicos
963 1415 1149 1470 iustitutionis
1163 1423 1248 1487 atque

89 1506 272 1564 'auctoritatis
302 1506 361 1573 uia,
388 1505 505 1578 populos
533 1504 695 1577 religionem
724 1503 840 1561 edocere
866 1503 1015 1572 desierim3
1043 1505 1141 1576 ecquid
1170 1507 1245 1562 eninr

96 1605 209 1654 externa
236 1595 393 1663 institutio,
417 1604 449 1651 ut
473 1593 539 1651 olim
564 1594 623 1666 jam
647 1594 739 1651 aiebat
755 1594 952 1669 Augustinus,
978 1594 1003 1651 si
1032 1596 1151 1668 quisque
1175 1596 1246 1662 sibi,

95 1686 304 1758 Scripturarum
327 1687 427 1742 saltem
448 1701 517 1758 ope,
540 1685 673 1758 magister
693 1693 721 1740 et
742 1685 838 1742 doctor
857 1682 1009 1741 habeatnr?
1031 1685 1105 1743 Satis
1123 1686 1247 1759 prolecto

97 1775 183 1833 inerit
192 1776 218 1832 si
231 1776 319 1832 biblia
339 1773 426 1830 alicui
444 1773 607 1839 tradideris,
621 1783 653 1831 ut
665 1774 796 1848 deinceps
816 1775 877 1853 ipse
889 1791 924 1830 cu
936 1775 994 1831 illis
1006 1776 1100 1832 eliciat
1111 1777 1246 1849 quidquid

95 1865 137 1921 ibi
161 1865 237 1922 clare
264 1875 291 1921 et
315 1864 465 1937 perspicue
485 1864 592 1921 dictum
610 1865 741 1922 senserit.
766 1865 979 1922 -Videndum
1006 1882 1088 1939 porro
1110 1876 1156 1924 est
1179 1883 1247 1924 num

96 1953 305 2026 Scripturarum
323 1953 466 2010 authentia
486 1964 514 2010 et
529 1955 677 2028 inspiratio
694 1956 725 2012 in
744 1956 860 2013 dubium
878 1956 1004 2013 adducta
1021 1956 1143 2025 luerint,
1159 1957 1248 2015 donec

100 2043 229 2101 instituto
243 2044 371 2100 examine
387 2044 479 2116 qnivis
492 2045 547 2101 sibi
558 2046 617 2116 ipse
629 2045 689 2101 baec
702 2047 804 2118 praevia
817 2047 1054 2119 interpretationis
1069 2046 1247 2104 fundamenta

97 2133 348 2192 demonstraverit:
361 2134 542 2206 ecquisenim
556 2144 756 2207 protestantem
770 2136 917 2193 certiorem
931 2135 1014 2193 efficit
1027 2152 1119 2193 sacras
1129 2137 1248 2195 Litteras

94 2224 232 2300 genuinas
252 2241 314 2281 esse
335 2234 418 2297 atque
435 2225 470 2281 ab
486 2225 647 2282 auctoribus
668 2223 803 2282 divinitus
824 2225 969 2299 inspiratis
986 2224 1139 2298 prolectas?
1153 2258 1191 2268 —
1204 2227 1248 2284 ln·

96 2315 266 2389 quirendum
279 2316 391 2372 tandem
407 2324 502 2372 utrum
514 2315 642 2389 dogmata
661 2326 727 2373 ante
745 2327 857 2389 accepta
870 2333 920 2389 pro
934 2317 1048 2374 totidem
1061 2316 1248 2389 praejudicatis

98 2407 278 2481 opinionibus
304 2407 486 2472 haberentur,
510 2415 541 2463 ut
563 2406 602 2463 ita
626 2406 739 2464 demum
765 2408 884 2480 quisque
907 2407 1078 2480 Scriptorum
1105 2407 1248 2464 liberrime

99 2500 343 2572 interpretaretur,
369 2498 440 2555 nibil
465 2498 586 2571 amplius
609 2498 717 2556 veritus
744 2514 779 2555 ne
801 2497 872 2555 lorte
890 2499 1009 2570 alicujus
1037 2508 1120 2556 sectae
1145 2499 1247 2571 placita

98 2588 187 2646 divini
200 2589 310 2662 Eloquii
324 2590 444 2645 decretis
457 2598 641 2661 supponerem
652 2605 742 2661 neque
756 2589 829 2645 enim
843 2589 877 2645 ad
896 2591 1055 2661 analogiam
1074 2588 1137 2646 fidei
1152 2590 1248 2662 cujus·

100 2679 168 2736 libet
186 2680 311 2736 ecclesiae
333 2679 512 2752 intelligenda
533 2680 664 2751 deinceps
687 2679 844 2751 Scriptura,
869 2679 918 2736 sod
936 2689 1032 2736 contra
1049 2680 1086 2736 ad
1097 2679 1248 2752 Scripturas

100 2783 225 2835 normam
242 2766 377 2839 exigenda
392 2767 499 2839 quaevis
511 2768 646 2825 doctriua.
1228 2806 1232 2815 .

137 2857 222 2929 btqni
249 2857 322 2914 nibil
338 2856 404 2913 ‚lere
428 2856 528 2913 borum
553 2856 583 2912 in
605 2856 758 2928 primorum
781 2856 994 2928 protestantium
1017 2857 1116 2930 agendi
1141 2857 1248 2915 ratione

103 2946 497 3016 cernitur..Quemadmodum
510 2945 656 3013 catholici,
670 2945 751 3002 itaet
769 2954 955 3017 protestantes
970 2947 1081 3020 populis
1094 2946 1247 3004 doctrinam

91 3039 211 3096 ‘tradere
237 3037 384 3104 curabant,
406 3036 588 3109 eamdemque
610 3037 684 3092 viam
703 3051 813 3110 sempor
834 3045 959 3094 tenuere.
985 3037 1064 3106 Quod
1089 3038 1114 3095 si
1137 3038 1249 3110 qnando

99 3129 239 3186 accideret
252 3137 284 3184 nt
304 3127 389 3199 aliqui
406 3143 441 3183 ex
457 3128 558 3200 populo
571 3127 698 3183 doctores
714 3136 743 3182 et
754 3137 883 3200 pastores
900 3128 997 3186 andire
1009 3138 1185 3197 recusarent,
1200 3128 1249 3187 ob-

100 3219 248 3277 tendentes
267 3220 322 3277 sibi
340 3220 513 3292 Scripturam
531 3227 580 3275 aut
598 3218 682 3275 etiarn
704 3218 825 3290 Spiritus
847 3219 938 3277 sancti
960 3221 1151 3278 testimoninm
1167 3221 1249 3294 plane

101 3307 240 3377 sufficere,
266 3309 309 3367 illi
332 3310 428 3367 statim
449 3317 481 3366 ut
504 3307 608 3365 mentis
627 3324 660 3365 ac
680 3309 793 3382 pietatis
815 3320 945 3382 expertes
970 3311 1144 3369 habebantur
1165 3320 1250 3383 atque

101 3398 222 3455 lunatica
248 3398 408 3457 insulsitate
435 3398 553 3471 abrepti.
577 3396 708 3470 Sic-ipse
729 3398 884 3466 Lutbcrus,
904 3399 952 3470 qui
975 3407 1123 3472 tantopere
1148 3399 1249 3471 privari

99 3489 217 3561 spiritus
238 3489 407 3557 libertatem,
429 3505 480 3547 sen
504 3498 537 3545 ut
560 3487 665 3546 rectius
690 3487 795 3556 dicam,
815 3488 984 3545 effrenatam
1008 3488 1149 3546 licentiam
1170 3504 1250 3546 com·

100 3580 293 3647 mondaverat,
321 3596 411 3652 quum
438 3579 573 3652 quosdam
597 3594 632 3635 ex
661 3577 723 3635 suis
746 3579 916 3651 perspiceret
943 3579 996 3636 bac
1018 3579 1146 3637 libertate
1175 3579 1249 3638 serio

100 3671 195 3727 animo
213 3668 269 3726 irui
292 3670 366 3727 velle
389 3679 473 3742 atque
495 3686 606 3728 ornnem
633 3679 775 3742 pastorum
800 3669 1003 3727 institutionem
1021 3670 1250 3730 auctoritatemre

101 3768 297 3827 contemnere,
317 3759 416 3833 pedem
442 3760 521 3832 quasi
540 3775 687 3826 revocans,
710 3774 758 3816 eos
779 3759 960 3825 condemnat,
983 3766 1011 3814 et
1035 3774 1118 3830 porro
1135 3759 1176 3816 ait
1193 3775 1249 3818 non

102 3860 211 3908 tantum
228 3851 355 3908 interiori
376 3849 501 3922 cujusvis
518 3849 640 3922 judicio,
663 3847 712 3906 sed
732 3857 762 3906 et
788 3856 902 3906 externo
928 3858 1070 3920 pastorum
1094 3848 1248 3906 doctrinam

100 4024 215 4090 ndtbigea
231 4028 344 4075 Actwort
355 4023 466 4090 ausciaco
479 4023 536 4072 ecbr
549 4021 683 4085 orambim
698 4024 780 4086 Frage
796 4023 837 4071 dor
851 4025 883 4071 Η.
897 4025 1070 4086 Houptpoator
1088 4024 1169 4080 Gdlzc,
1187 4027 1251 4071 crate

100 4108 187 4171 Foloe,
205 4110 279 4158 1778.
290 4135 324 4144 -
335 4103 654 4163 Pustkuohen-Glanzow,
673 4104 716 4152 Die
738 4104 986 4168 Wiedcrltcrolciiurty
1007 4105 1049 4154 dea
1061 4105 1143 4154 ccitteo
1153 4105 1252 4153 Proter-

100 4192 249 4254 tonliemur‚
261 4193 374 4242 18270-
385 4189 415 4238 lt.
431 4187 568 4248 Wunsier‚
582 4187 734 4249 Concordia,
747 4187 829 4245 1828,
846 4196 876 4239 n⁰
887 4190 929 4238 lt.
941 4214 971 4228 ·-
985 4189 1135 4238 Proiectum·
1149 4184 1251 4236 attim-

101 4272 171 4337 iuag.
1130 4279 1133 4284 ·
