3150 5160
394 373 420 418 s.
434 371 585 428 narrares,
601 370 750 416 ossanna
769 368 963 414 carranocrn
978 369 1148 415 nrrscorus.
1313 356 1352 416 65

246 519 304 576 lloc
320 528 413 577 autem
434 519 516 576 modo
535 517 694 574 traditionis
713 516 787 571 viam
801 515 935 572 describit
953 525 980 572 et
993 516 1184 584 commendat,
1198 516 1301 574 docens
1314 517 1357 574 las

209 626 265 666 nen
287 626 350 666 esse
371 610 525 666 doctrinam
549 611 627 681 prins
647 617 787 679 acceptam
809 606 957 677 aliqnando
978 608 1108 663 deserere
1133 623 1140 661 z
1165 627 1180 659 u
1205 606 1355 663 Christiani

210 701 283 757 uude
301 699 374 756 nos‘l
401 702 454 756 Per
479 701 577 766 iidem,
604 698 677 755 dicet
697 697 823 769 quilibet.
844 695 918 752 silvi
942 705 1035 752 autem
1058 696 1155 761 fimus,
1180 713 1235 768 quo
1259 697 1358 755 medo?

209 790 349 846 Nimirum
367 790 521 864 regenerati
540 789 722 863 pergratiam
743 803 805 859 quae
823 786 966 843 confertur
983 787 1011 842 in
1030 787 1179 859 baptismo.
1196 789 1263 843 Nam
1284 788 1359 845 unde

209 877 335 951 alioqui?
355 880 464 954 Ergone
485 888 631 951 postquam
650 878 722 933 hanc
742 878 860 933 salutem
882 893 932 948 per
952 877 1061 932 Patrem
1074 886 1103 934 ct
1116 877 1216 934 Filium
1230 888 1258 936 et
1270 878 1358 951 Spiri-

210 978 271 1026 tum
294 978 421 1024 sanetum
445 979 533 1025 ratam
559 984 591 1025 ac
621 969 758 1024 firmatam
784 967 957 1033 noverimus,
980 969 1113 1023 traditam
1132 968 1209 1024 nobis
1230 971 1360 1026 doctrine

208 1061 328 1129 smmum
349 1060 527 1130 objiciemus?
549 1060 578 1116 ld
598 1059 720 1133 proiecto
734 1059 831 1114 multis
849 1058 964 1132 dignum
981 1058 1112 1129 suspiriis
1127 1057 1224 1126 luserit,
1238 1058 1263 1115 si
1282 1076 1358 1116 com-

210 1151 355 1224 periamur
373 1167 448 1207 nune
466 1151 575 1224 longius
593 1151 692 1206 abesse
710 1165 726 1204 a
746 1149 836 1205 salute
854 1157 969 1212 nostra,
992 1164 1074 1220 qnam
1089 1157 1149 1204 tum
1162 1165 1225 1204 cum
1238 1150 1358 1206 credidi·

211 1258 291 1308 mus,
303 1243 397 1311 siquo
411 1250 469 1296 tum
481 1243 643 1311 recepimus,
656 1256 730 1296 uuae
743 1240 918 1310 abnegamus.
931 1239 984 1294 Par
997 1247 1024 1294 et
1036 1238 1141 1310 aequale
1154 1238 1286 1294 damnum
1299 1251 1357 1307 est,

209 1334 271 1389 sive
291 1333 356 1405 quis
378 1332 553 1404 baptismatis
575 1347 675 1404 expers
697 1329 812 1387 decedat
834 1329 869 1386 de
897 1328 968 1393 vita,
994 1329 1053 1386 sive
1080 1330 1195 1402 recipiat
1221 1333 1358 1403 baptisma

209 1425 255 1480 cui
280 1440 367 1479 unum
387 1423 499 1495 aliquod
519 1438 615 1478 certum
635 1438 697 1494 quae
717 1420 816 1477 tradita
830 1430 896 1477 sunt
914 1419 995 1477 desit.
1008 1421 1043 1477 Et
1061 1420 1188 1492 quisquis
1208 1421 1359 1493 professio-

211 1530 277 1570 nem
300 1529 383 1585 quam
408 1513 436 1568 in
457 1514 544 1585 prima
565 1512 742 1569 institutione
761 1511 992 1583 deposuimus..
1017 1510 1044 1566 in
1065 1511 1140 1568 omni
1160 1521 1284 1584 tempore
1304 1530 1360 1570 non

211 1615 319 1671 servat,
345 1620 397 1660 nec
418 1620 495 1671 eam,
516 1603 595 1675 quasi
620 1602 793 1658 tutissimum
813 1601 973 1672 praesidium
992 1616 1041 1672 per
1064 1609 1147 1657 totam
1170 1601 1255 1658 vitam
1281 1621 1361 1661 suam

210 1696 423 1767 complectitur,
444 1695 570 1766 scipsum
586 1693 709 1748 alienum
729 1690 820 1747 reddit
831 1707 848 1746 a
861 1690 1007 1762 promissis
1024 1689 1089 1755 Dei,
1104 1705 1155 1746 suo
1169 1691 1257 1762 ipsius
1270 1693 1363 1749 ehiro-

212 1786 320 1859 grapho
334 1801 509 1859 repugnans,
523 1785 597 1856 quod
619 1785 648 1839 in
662 1781 834 1855 professione
853 1780 916 1836 fidei
938 1779 1067 1851 deposuit
1080 1777 1136 1853 (ll.
1151 1798 1165 1831 n
1180 1779 1267 1854 igitur
1279 1783 1360 1839 iidem

210 1892 297 1950 quam
316 1876 428 1943 didicit,
450 1892 533 1948 quam
552 1876 580 1930 in
603 1873 742 1947 baptismo
762 1871 869 1943 accepit
893 1886 925 1926 ae
951 1869 1093 1942 proiessus
1112 1879 1155 1926 est
1177 1871 1360 1941 christianus,

213 1969 292 2024 nullo
316 1983 440 2038 unquam
459 1975 539 2038 pacto
556 1966 677 2038 abjicere
699 1972 805 2035 potest;
827 1964 875 2033 qui
894 1975 960 2016 vcro
979 1975 1041 2014 eam
1061 1959 1088 2013 iu
1109 1970 1273 2031 perpetuum
1292 1962 1361 2019 inte-

211 2074 291 2133 gram
308 2073 340 2112 ae
354 2057 488 2112 illibatam
502 2057 574 2112 haud
588 2053 754 2122 servaverit,
772 2053 825 2108 hoo
838 2052 898 2124 ipso
912 2065 942 2106 sc
961 2047 1102 2105 damnavit
1115 2058 1197 2120 atque
1215 2065 1299 2125 regno
1311 2052 1360 2109 Dei

210 2148 344 2205 exclusit.

252 2237 451 2309 mpostqnam
466 2235 643 2308 prolixiorem
664 2234 697 2291 de
710 2233 738 2288 vi
751 2249 784 2289 ac
797 2248 880 2290 sensu
901 2229 1043 2303 particulae
1056 2230 1087 2285 iu
1100 2229 1218 2288 absolvit
1236 2232 1362 2305 disputa·

213 2329 337 2394 tionem,
364 2329 399 2383 ad
423 2328 555 2401 syllabam
575 2343 639 2382 cum
661 2325 832 2382 tractandam
857 2322 1016 2397 aggreditur
1041 2321 1226 2394 inquisiturus
1250 2343 1264 2376 u
1288 2326 1362 2382 uude

210 2419 349 2489 emporii,
365 2427 393 2474 et
406 2434 488 2489 quam
504 2417 560 2474 vim
580 2417 695 2480 habeat,
715 2426 743 2471 et
760 2415 897 2488 quomodo
910 2413 1059 2487 Scripturas
1076 2414 1262 2471 concordet.»
1280 2415 1363 2473 Prius

212 2519 307 2565 tamen
327 2509 465 2582 generalia
480 2509 641 2566 christianae
655 2507 776 2565 methodi
790 2505 927 2579 principia
940 2522 972 2561 ae
984 2506 1059 2578 leges
1073 2504 1226 2560 enarranda
1238 2514 1364 2562 statuen-

212 2598 305 2669 daque
320 2586 412 2665 ducit,
426 2607 454 2654 ct
467 2599 529 2655 ideo
542 2615 628 2671 pauca
641 2598 675 2654 de
689 2597 885 2654 traditionibus
901 2596 1022 2670 attingit.
1040 2595 1132 2668 lpsum
1151 2594 1306 2651 audiamus.

253 2709 268 2742 u
283 2689 324 2744 Ex
343 2689 514 2755 asservatis,
535 2689 643 2759 inquit,
669 2688 698 2744 in
718 2688 841 2744 Ecclesia
859 2686 1036 2761 dogmatibus
1053 2694 1081 2741 et
1103 2685 1361 2756 praedicationibus,

210 2778 269 2834 alia
282 2776 395 2847 quidem
416 2777 553 2831 habemus
567 2792 582 2831 c
602 2776 727 2833 doctriua
741 2778 844 2850 scripto
855 2776 983 2848 prodita,
997 2777 1055 2832 olio
1073 2793 1135 2832 uero
1147 2776 1226 2831 uobis
1244 2779 1275 2831 in
1288 2793 1362 2847 mps-

215 2869 287 2921 terio
309 2866 414 2920 traditu
432 2867 581 2935 recepimus
599 2873 623 2921 et
643 2868 792 2921 traditione
810 2866 1021 2937 Apostolorum:
1040 2882 1158 2936 quorum
1174 2873 1292 2939 utreque
1303 2871 1361 2924 uim

213 2957 336 3012 camdem
348 2956 446 3011 hubent
465 2957 502 3011 ed
525 2958 668 3026 pietotcmr
688 2972 734 3011 acc
753 2958 789 3010 iis
805 2959 952 3027 quisquam
970 2960 1134 3013 contradicet
1148 2976 1157 3012 .·
1171 2959 1264 3014 nullus
1279 2967 1361 3027 certe,

212 3049 266 3118 qui
284 3048 326 3107 ecl
337 3050 414 3103 tenui
432 3049 602 3118 superiectio
614 3049 719 3103 noveii
734 3063 795 3119 quoe
811 3050 867 3102 siut
883 3048 1007 3102 Ecclesia
1020 3049 1158 3105 iustituto.
1173 3049 1242 3104 Nam
1256 3051 1280 3107 si
1294 3068 1361 3108 con-

215 3138 381 3196 suetudines
390 3139 562 3211 quaescripto
576 3138 691 3211 proditae
703 3153 758 3194 non
769 3147 849 3203 sunt,
860 3146 1001 3209 tamquam
1014 3138 1088 3196 haud
1098 3140 1217 3196 multum
1228 3141 1362 3200 habentes

215 3229 352 3285 momenti
371 3229 564 3303 aggrediamur
584 3229 716 3302 rejicere,
735 3227 924 3301 imprudentes
941 3229 1121 3300 Euangelium
1143 3233 1174 3286 iu
1197 3232 1266 3302 ipsis
1282 3234 1363 3289 rebus

213 3322 367 3394 precipuis
386 3323 525 3389 laedomus,
543 3321 598 3378 imo
617 3320 710 3392 potius
723 3319 945 3391 praedicationem
963 3320 998 3376 ad
1011 3320 1118 3377 nudum
1131 3336 1232 3377 nomen
1251 3333 1361 3379 eontra-

217 3413 320 3467 bemus
341 3409 397 3484 (ἓ).
414 3431 429 3464 »
445 3411 510 3469 llaec
529 3427 596 3468 sanc
618 3411 764 3485 perspicua
783 3420 848 3467 sunt
873 3427 925 3467 nec
942 3411 997 3466 ulla
1023 3421 1105 3485 egent
1126 3426 1180 3482 qua
1198 3413 1361 3470 evolvantur

215 3597 382 3643 uacuumque,
402 3583 428 3632 ἐκ
447 3601 492 3633 του
507 3601 551 3637 την
569 3581 738 3636 &recreatum
756 3572 895 3650 παραδοσιν
916 3572 1093 3648 ἐδαφισδεισαν
1114 3579 1298 3648 &pavendorum
1311 3581 1363 3634 Δια

215 3682 306 3725 τουτο,
323 3661 355 3721 ὧς
368 3683 417 3713 των
432 3669 613 3732 χρεωφειλετων
629 3664 653 3714 o'c
668 3656 744 3719 ὃηδεν
761 3680 923 3732 approperes,
942 3682 988 3721 τας
1006 3680 1032 3712 cu
1049 3681 1099 3712 των
1115 3663 1245 3731 ἰγγραφων
1264 3657 1364 3716 ἀποδει-

216 3749 264 3810 ξεις
281 3743 445 3807 inmemorem,
463 3765 507 3799 την
523 3745 637 3815 ἀγραφον
654 3765 702 3796 των
719 3764 829 3816 serapam
848 3762 982 3814 μαρτυριαν
994 3744 1026 3803 ὠς
1044 3738 1142 3803 andraee
1162 3744 1236 3808 ἀξιαν
1249 3746 1364 3816 ἀποπεμ-

215 3845 329 3897 πομενοι.
339 3847 354 3878 ))
366 3832 428 3880 lbid.
441 3845 464 3879 c.
476 3833 522 3891 10,
533 3846 560 3880 n.
572 3833 613 3880 25.

249 3917 298 3980 (1)
311 3931 324 3963 u
336 3945 357 3963 ·.
367 3951 373 3963 .
382 3952 388 3964 .
398 3912 468 3967 Εἰτα
480 3931 523 3967 την
535 3928 657 3981 serapiae
670 3929 776 3972 ταυτην,
791 3904 834 3960 δια
846 3929 938 3980 carpor
947 3944 954 3957 ·
963 3943 985 3958 ι·
999 3906 1175 3977 6ε6αιουμενην
1186 3926 1362 3979 quoperantur,

214 3999 244 4047 ὸν
256 3992 430 4065 παρελαῧομεν
443 4012 518 4044 τυπον
530 3988 636 4058 dedoque
648 3993 853 4063 προησομιδαςῇ
867 3999 981 4062 papalem
998 3993 1029 4044 ἀν
1042 3993 1079 4047 εἰη
1091 4009 1235 4060 στεναγμῶν
1249 3992 1363 4054 dirum...

215 4082 283 4147 εἰπερ
298 4079 315 4129 ἀ
332 4097 387 4128 τοτε
408 4070 627 4146 προσεδεξαμιδα,
644 4096 684 4126 νυν
702 4077 939 4145 ἀπαρνουμιδα....
956 4093 1000 4130 την
1023 4095 1049 4125 τε
1064 4074 1201 4143 ὁμολογιαν
1219 4073 1249 4128 ἠν
1265 4076 1304 4124 ἐπι
1319 4093 1363 4132 της

214 4181 313 4232 aputu<
326 4162 465 4231 εἰσαγωγης
484 4161 643 4225 sarcbcpcsa
721 4157 733 4206 ὸ
754 4177 787 4225 μη
807 4158 845 4207 ἐπι
864 4175 958 4216 marroc
981 4162 1115 4224 φυλασαων
1136 4172 1257 4224 καιρου..
1273 4188 1280 4203 ·
1297 4156 1364 4219 ξενον

215 4247 306 4294 lauros
318 4248 455 4298 καδιστησι
471 4261 518 4292 των
538 4242 689 4309 ἑπαγγελιων
703 4259 747 4291 του
761 4243 815 4290 θεου
831 4259 857 4288 κ.
875 4259 899 4290 τ.
917 4239 984 4288 hir
1003 4241 1065 4291 thid.
1078 4257 1104 4290 n.
1125 4242 1168 4289 26·

250 4327 297 4393 (Ξ)
309 4343 322 4376 u
334 4325 392 4380 Tor
405 4327 429 4376 ἐν
445 4344 476 4390 τῃ
492 4325 611 4391 exstrue
624 4326 817 4390 πεφυλαγμενων
831 4313 966 4390 hopperus
982 4337 1026 4372 και
1040 4336 1220 4389 superparem,
1240 4335 1324 4384 ταμεν
1337 4317 1364 4367 lu
