3150 5160
377 333 436 392 liu
515 344 751 390 ntrrouuttsuus
772 343 906 386 urnurcus
927 344 946 385 u
967 343 1226 388 unorusmnrrsuo
1247 343 1414 389 ontuunus.

376 491 596 565 interpretando,
612 491 685 546 utin
702 491 795 546 verbis
808 491 852 545 vel
865 505 881 543 a
895 488 1073 544 multitudine
1093 487 1315 562 significationis,
1332 490 1376 547 rel
1396 505 1411 544 a
1429 498 1521 546 struc-

375 593 451 650 tura,
464 583 508 638 vel
523 582 576 638 alia
595 597 648 653 qua
667 597 778 648 caussa,
798 581 949 654 ambiguis,
963 580 1046 635 ducat
1059 595 1109 635 uos
1125 580 1159 635 ad
1172 580 1357 637 deliniendam
1372 581 1520 638 verborum

377 673 604 746 significationem
614 673 621 745 t
631 673 643 726 l
652 671 673 744 l.
684 689 697 720 u
713 673 913 746 Perangustum
927 671 1038 743 qrridem
1049 671 1096 741 jus
1109 679 1136 726 ct
1149 685 1231 726 usum
1244 670 1375 743 analogiae
1388 669 1522 726 doctriuae

378 764 499 820 vindicat
511 773 619 825 auctor,
633 778 684 817 nec
698 762 816 817 multum
830 761 977 833 proiectos
991 760 1051 833 lege
1064 777 1114 816 sua
1133 761 1254 833 generali
1269 761 1404 825 deflectit,
1418 760 1522 832 quippe

377 855 426 925 qni
446 854 473 908 in
488 869 585 908 eorum
602 862 711 908 tantum
729 853 890 917 uerborum,
910 868 971 922 quaa
987 851 1120 907 adhibitis
1139 852 1268 908 omnihus
1284 852 1524 925 interpretationis

377 943 531 1000 communis
550 943 727 998 adminiculis
746 942 862 998 obscura
882 950 1024 1006 maneant,
1044 957 1128 997 seusu
1149 942 1302 1015 indagando
1315 943 1421 1013 aliquid
1440 943 1522 1014 pretii

377 1033 424 1090 isti
442 1034 573 1106 analogia
598 1033 704 1089 tribuit.
731 1034 825 1104 ltaque
850 1032 905 1087 dici
932 1040 1022 1102 potest
1047 1031 1158 1087 llrmum
1184 1032 1338 1088 consistere
1360 1031 1436 1103 quod
1458 1040 1524 1088 aute

378 1133 511 1181 statuerat
535 1124 663 1198 generale
689 1123 871 1194 principium,
896 1137 948 1177 uec
967 1122 997 1177 in
1016 1122 1178 1178 universum
1195 1122 1280 1177 ullam
1301 1121 1436 1178 doctrinae
1458 1129 1521 1176 aute

377 1226 495 1286 acceptae
514 1215 649 1270 rationem
662 1213 807 1284 interpreti
823 1228 886 1268 esse
901 1212 1065 1267 habendam.

414 1304 506 1372 Quaeri
529 1320 603 1360 nuuc
623 1312 716 1375 posset
734 1319 769 1358 an
789 1303 842 1359 ista
861 1302 973 1359 decreta
990 1303 1028 1358 ita
1050 1302 1080 1356 iu
1100 1319 1182 1358 usum
1201 1302 1347 1358 adduxerit
1362 1314 1473 1368 auctor,
1492 1312 1521 1359 ut

376 1412 475 1468 reapse
492 1395 649 1467 Scripturas
669 1394 761 1451 auimo
775 1392 850 1449 omui
871 1392 1049 1465 praejudicata
1066 1392 1100 1448 de
1112 1394 1286 1467 dogmatibus
1299 1393 1430 1465 opinione
1444 1394 1522 1465 plane

378 1487 465 1543 libero
484 1485 567 1541 luerit
581 1482 798 1555 interpretatus?
817 1481 973 1538 Dicendum
991 1498 1058 1538 uero
1077 1491 1120 1539 est
1139 1498 1203 1539 eum
1222 1484 1252 1539 iu
1272 1484 1368 1540 multis
1388 1485 1442 1541 sihi
1461 1500 1522 1542 con·

378 1576 498 1643 stitisse,
515 1588 543 1631 et
560 1575 660 1648 saepius
678 1576 796 1630 maxima
813 1575 899 1630 animi
923 1574 1065 1640 libertate,
1089 1590 1172 1645 quam
1191 1583 1303 1640 vocant,
1325 1573 1412 1630 libros
1430 1589 1521 1631 sacros

379 1683 435 1723 uon
454 1667 615 1738 explanasse
631 1665 724 1729 modo,
739 1665 788 1721 sed
802 1674 830 1720 et
842 1667 983 1721 decorum
996 1665 1085 1736 pretio
1096 1664 1248 1734 judicasse.
1262 1664 1349 1720 Vetus
1362 1664 1520 1719 Testamen-

377 1765 437 1812 tum
463 1757 530 1812 solls
553 1755 653 1827 jud-nis
680 1754 784 1826 aliquid
810 1755 939 1811 utilitatis
967 1756 1068 1811 habere
1094 1755 1226 1821 ducebat,
1251 1755 1376 1825 adeoque
1398 1752 1467 1809 illud
1494 1763 1520 1811 ut

376 1847 538 1903 christianis
557 1859 792 1917 supervacaneum
806 1854 833 1900 et
847 1845 953 1901 nullius
967 1845 1100 1901 momenti
1116 1845 1274 1916 rejiciebat;
1289 1860 1341 1900 nec
1356 1844 1520 1916 quibusdam

377 1937 441 1993 novi
459 1938 628 1993 Testamenti
646 1936 725 1993 libris
743 1937 862 1993 multum
880 1936 1021 2008 parcebat,
1036 1952 1106 2008 quos
1119 1936 1231 2008 quidem
1251 1936 1429 2008 plerumque,
1449 1936 1519 1991 omui

375 2028 477 2098 praevia
499 2027 552 2083 fide
574 2027 743 2099 posthabita,
770 2027 1013 2098 interpretabatur.
1040 2026 1175 2094 Quoniam
1192 2036 1286 2082 tamen
1301 2024 1379 2081 verbi
1397 2024 1520 2081 minister

376 2126 404 2175 et
414 2128 508 2190 pastor
527 2127 599 2185 erat,
614 2117 769 2174 doctrinam
784 2133 840 2173 suae
854 2117 980 2173 ecclesiae
993 2118 1145 2173 lutheranae
1158 2117 1232 2188 plebi
1245 2116 1371 2172 tradebat
1386 2113 1441 2187 (ἓ).

413 2207 479 2275 Quae
495 2225 581 2278 quum
601 2209 638 2264 ita
661 2208 734 2274 sint,
751 2208 895 2264 coniicitur
914 2209 948 2263 ab
968 2208 1078 2264 Ernesti
1098 2208 1234 2279 ejusmodi
1258 2206 1396 2280 principia
1417 2206 1520 2262 invecta

376 2295 463 2352 luisse
475 2298 576 2368 quihus
594 2298 784 2355 rationalismo
802 2298 847 2354 via
866 2306 970 2370 pateat,
989 2298 1038 2354 scd
1055 2298 1147 2370 ipsum
1167 2307 1260 2353 tamea
1279 2297 1396 2353 dubium
1416 2305 1444 2353 et
1463 2308 1520 2352 sus·

377 2402 495 2457 pensum
508 2388 638 2453 haesisse,
653 2404 705 2443 uec
716 2387 817 2444 idcirco
828 2403 879 2444 ceu
893 2402 1057 2461 germanum
1072 2388 1255 2445 rationalismi
1269 2387 1367 2446 biblici
1380 2395 1521 2460 parentem

377 2476 472 2533 haberi
486 2492 577 2549 posse.
591 2478 669 2534 Alius
681 2494 746 2552 ergo
762 2477 944 2549 inquirendus
960 2487 1013 2534 est.

928 2666 987 2738 su.

633 2889 845 2930 ntttollltlsltttll
862 2889 986 2930 ututtcntt
999 2890 1108 2931 saltum
1122 2889 1267 2930 SEMLERUS.

415 3075 450 3132 Ut
460 3077 517 3147 jam
532 3085 597 3133 ante
614 3079 750 3146 dirimuS,
766 3095 864 3135 verum
877 3079 1061 3135 rationalismi
1075 3078 1247 3136 conditorem
1260 3079 1416 3136 Semlernm
1428 3095 1527 3154 agnos·

379 3164 478 3220 cimus.
502 3165 569 3236 Ejus
590 3167 674 3240 igitur
700 3169 750 3224 hac
768 3169 797 3224 in
820 3185 851 3223 re
871 3169 1026 3225 doctrinam
1050 3170 1209 3227 uniuersam
1229 3170 1326 3227 sedulo
1345 3169 1528 3243 inspiciamus

379 3265 496 3326 oportet.
514 3255 637 3312 Plurima
657 3258 686 3313 in
703 3273 809 3314 sacram
831 3257 1001 3332 Scripturam
1021 3260 1108 3317 edidit
1125 3275 1209 3330 opera
1229 3259 1259 3314 in
1277 3259 1380 3332 quibus
1395 3260 1528 3317 omnibus

378 3345 577 3403 rationalistica
600 3347 661 3419 ejus
687 3348 823 3421 principia
849 3360 1011 3419 occurrunt;
1037 3351 1173 3422 praecipua
1196 3359 1290 3405 autem
1313 3350 1472 3420 exquibus
1496 3364 1529 3407 ea

376 3435 553 3508 potissimum
567 3454 664 3495 sumus
677 3439 868 3513 deprompturi
881 3452 965 3499 sunt:
980 3443 1138 3513 Apparatus
1149 3441 1185 3495 ad
1199 3440 1338 3496 liberatem
1354 3439 1382 3496 V.
1394 3439 1425 3495 T.
1440 3441 1530 3496 inter-

376 3529 556 3596 pretationem
568 3560 604 3568 —
618 3529 775 3600 Apparatus
793 3533 830 3587 ad
849 3534 1032 3590 liberaliorem
1049 3532 1083 3589 N.
1100 3532 1129 3587 l.
1149 3532 1400 3602 interpretationem
1411 3531 1530 3587 -item

379 3617 477 3674 Libera
490 3620 637 3692 inquisitio
651 3622 683 3676 de
695 3639 796 3677 cunone
808 3620 870 3696 (ὅ)

412 3755 453 3819 (l)
472 3759 535 3808 ibid.
548 3774 575 3808 n.
588 3761 629 3809 tu.

412 3837 455 3902 (2)
468 3838 542 3890 Istius
551 3841 662 3892 auctoris
671 3839 800 3908 duplicem
809 3841 882 3907 quasi
893 3842 1003 3910 speciem
1012 3841 1218 3894 animadvertens
1227 3839 1389 3891 rationalista
1400 3838 1530 3900 Richand‚

379 3927 447 3971 recte
458 3921 556 3972 notavit
569 3937 575 3971 :
588 3923 732 3984 «Ernesti,
744 3922 869 3991 prichant
883 3922 976 3975 devant
989 3941 1016 3976 sa
1033 3924 1145 3993 paroisse
1159 3923 1191 3974 de
1202 3922 1319 3991 Leipzig,
1333 3920 1380 3974 luit
1390 3931 1445 3974 acte
1454 3921 1536 3975 d'une

378 3999 526 4051 orthodoxia
540 4001 603 4056 dont
618 4022 651 4056 on
668 4022 701 4057 ne
713 4015 803 4059 trouve
822 4005 880 4073 plns
900 4007 932 4058 de
945 4015 1026 4059 traces
1046 4005 1109 4057 daus
1128 4006 1152 4056 le
1173 4021 1247 4057 cours
1264 4003 1392 4072 d’cxigese
1409 4005 1475 4072 qu'il
1486 4005 1536 4056 tait

378 4099 429 4133 unx
439 4081 557 4134 e'tudians
567 4083 592 4134 le
603 4087 759 4139 leudemain.
770 4106 785 4139 n
796 4086 853 4138 Vid.
865 4091 981 4141 Nouvclle
991 4094 1070 4140 Reuue
1083 4091 1262 4152 Germanique,
1275 4090 1349 4138 ¹835.

412 4165 455 4231 (5)
463 4167 624 4219 Postremum
636 4169 701 4221 illud
713 4187 779 4238 opus
792 4171 937 4237 germanico
950 4171 1069 4224 idiomate
1080 4170 1232 4239 conscripsit
1242 4186 1249 4221 τ
1260 4173 1331 4222 Freie
1343 4171 1535 4233 uoursuctanp

380 4250 421 4298 des
437 4250 548 4300 Caunus.
