3150 5160
289 363 314 406 s.
329 359 475 415 nasutius,
491 357 639 401 cesanam
654 352 849 400 cnrranocue
863 352 1035 397 uersoorus.
1194 340 1233 398 dd

91 527 183 591 ciunt,
204 521 343 596 proferant
356 522 437 578 uoltis
457 529 485 576 et
502 516 683 591 professionis
697 515 759 572 fidei
774 524 801 571 ct
816 524 981 572 caeterorum
995 531 1057 587 quae
1068 516 1236 571 commemo·

92 617 213 672 mvimus
227 615 416 686 probationem
436 608 617 679 eScripturis
638 604 693 679 (l).
711 625 726 658 a
1031 661 1041 676 Ι

129 703 231 760 Eadem
253 703 361 758 ratione
378 701 512 757 adversus
531 696 678 752 haereticos
697 694 864 766 principium
879 692 1037 749 traditionis
1050 704 1129 767 urget
1142 710 1166 750 e.
1181 695 1235 751 aa:

93 815 107 848 «
129 794 217 860 Sane,
245 793 350 864 inquit,
378 799 474 848 contra
503 789 531 844 id
557 785 629 858 quod
656 786 766 849 dicunt,
794 784 1022 857 glorificationem
1048 801 1110 840 cum
1127 785 1238 856 Spiritu

91 899 187 939 carere
209 883 386 943 testimonio.
410 896 462 937 nec
483 879 510 933 in
531 877 683 948 seripturis
705 883 829 941 exstare,
853 873 922 929 illud
946 873 1097 930 dicimus:
1120 876 1143 931 si
1167 877 1236 932 nilril

91 973 168 1028 aliud
187 981 230 1028 est
249 980 391 1043 receptum
415 971 520 1040 absque
540 966 705 1038 Scripturis‚
729 980 764 1020 ne
788 965 840 1019 hoo
863 962 974 1035 quidem
998 965 1172 1037 recipiatur:
1194 967 1238 1023 siu

92 1059 213 1131 plurima
235 1075 334 1114 aroana
359 1058 429 1113 oltra
452 1059 587 1131 scriptum
610 1065 722 1127 recepta
742 1063 808 1110 sunt
829 1054 925 1121 nobis,
945 1070 1010 1109 cum
1030 1055 1093 1111 aliis
1112 1056 1239 1126 pluribus

93 1161 121 1206 ct
138 1151 192 1207 hoe
210 1149 387 1221 recipiemus.
411 1147 541 1204 Arbitror
564 1153 653 1202 autem
672 1146 851 1216 apostolicum
872 1159 939 1210 erre,
954 1145 1037 1200 etiam
1055 1161 1110 1199 nore
1129 1147 1239 1216 seriptis

95 1241 294 1297 traditionibus
307 1239 448 1294 inherere.
463 1239 557 1295 Laudo
572 1237 662 1302 enim,
676 1235 781 1306 inquit,
795 1249 858 1298 vos,
875 1234 948 1304 quod
960 1234 1053 1289 omnia
1066 1250 1126 1289 mea
1139 1236 1239 1290 memi-

94 1331 191 1394 nistis,
215 1337 244 1384 et
267 1327 499 1398 quemadmodum
523 1326 624 1383 tradidi
650 1325 745 1389 vohis,
769 1323 933 1380 traditiones
958 1325 1068 1380 tenetis.
1087 1324 1121 1379 Et
1147 1323 1238 1380 illud:

94 1421 198 1475 Tenete
216 1418 381 1474 traditiones
397 1432 466 1487 quas
488 1416 635 1489 accepistis
655 1415 714 1471 sire
733 1430 783 1487 per
802 1429 973 1482 sermonem,
994 1417 1052 1470 sive
1071 1429 1120 1487 per
1136 1415 1240 1486 episto-

94 1508 149 1562 lam
165 1504 251 1580 (iit)

131 1597 232 1653 Procul
247 1595 331 1652 dnbio
344 1611 378 1651 ex
392 1595 527 1652 hactenns
539 1593 631 1650 allatis
644 1592 731 1664 liquot
744 1609 805 1665 qnae
818 1593 902 1650 luerit
914 1593 949 1649 de
962 1594 1092 1652 methodo
1105 1595 1241 1653 catholica

93 1687 191 1743 Basilii
212 1685 367 1752 sententia;
387 1693 495 1742 constat
518 1684 575 1755 jam
599 1692 768 1755 quantopere
787 1700 803 1739 a
822 1685 1034 1756 protestantium
1052 1687 1146 1760 regula
1164 1703 1241 1742 rece-

93 1779 152 1835 dat.
171 1777 274 1832 ilerum
297 1785 329 1832 ut
356 1791 418 1846 quae
440 1774 606 1831 adduximus
631 1774 685 1830 rite
706 1773 914 1847 intelligantur,
934 1776 1067 1830 nonnulla
1093 1775 1139 1830 hio
1160 1775 1241 1832 nobis

93 1865 235 1930 monenda
247 1866 386 1922 videntur.

132 1959 258 2014 Primum
277 1957 389 2028 quidem
412 1956 498 2028 probe
516 1955 635 2012 tenenda
653 1965 696 2012 est
712 1971 744 2012 ea
757 1973 838 2028 quam
854 1971 938 2027 supra
957 1955 1085 2012 dedimus
1098 1956 1241 2013 distinctio

93 2049 273 2103 traditionem
291 2047 364 2101 inter
378 2054 406 2101 et
416 2048 600 2101 traditiones:
620 2045 796 2102 traditionem
815 2061 915 2117 nempe
932 2046 1052 2103 dicimus
1069 2047 1143 2101 viam
1171 2047 1243 2103 hanc

95 2136 296 2202 institutionis,
308 2135 475 2209 magisterii,
490 2136 693 2208 praedicationis
703 2146 731 2192 et
744 2137 929 2203 auctoritatis,
939 2153 992 2208 qua
1005 2136 1116 2194 tandem
1133 2137 1244 2210 proprie

93 2235 207 2286 constat
227 2227 361 2284 catholica
384 2226 546 2293 methodus;
566 2227 729 2283 traditiones
747 2242 814 2282 vero
836 2237 903 2282 sunt
921 2227 1047 2299 dogmata
1069 2228 1158 2284 aliave
1177 2228 1243 2284 reli-

95 2318 189 2393 gionis
203 2317 292 2390 capita
308 2333 371 2388 quae
385 2317 414 2371 in
428 2316 516 2372 sacris
536 2316 638 2372 litteris
655 2333 710 2373 non
724 2326 883 2373 occurrunt.
906 2317 991 2373 Porro
1005 2334 1086 2375 nemo
1099 2334 1155 2374 non
1167 2318 1244 2376 videt

94 2409 158 2465 lieri
182 2407 295 2464 omnino
318 2407 443 2478 potuisse
467 2416 498 2462 ut
522 2407 597 2461 varia
623 2406 669 2462 illa
692 2408 796 2480 capita,
819 2407 880 2462 viva
906 2415 1013 2461 tantum
1035 2423 1102 2463 voce
1127 2408 1240 2474 tradita,

96 2498 250 2569 Scripturis
271 2496 406 2552 divinitus
429 2496 573 2568 inspiratis
595 2496 722 2553 mandata
744 2497 878 2564 luissent;
902 2499 1037 2568 quaeritur
1056 2514 1121 2572 ergo
1140 2499 1187 2554 hic
1213 2500 1245 2554 de

96 2591 185 2658 sarto,
201 2596 294 2642 utrum
312 2602 399 2642 necne
410 2602 442 2642 ea
456 2587 548 2642 omnia
561 2587 665 2658 scripta
683 2586 803 2643 luerint?
820 2588 940 2645 Basilius
953 2598 1045 2644 autem
1059 2605 1123 2644 curn
1136 2590 1244 2646 caeteris

96 2678 230 2735 Patribus
254 2685 373 2732 testatur
397 2675 502 2748 <idque
521 2677 579 2747 jam
601 2687 665 2734 ante
687 2694 721 2733 ex
748 2678 838 2749 ipsius
863 2680 926 2735 novi
954 2681 1123 2735 Testamenti
1150 2680 1245 2737 indole

96 2763 319 2834 constituimus)
338 2777 512 2833 nequaquam
534 2765 626 2820 otnuia
645 2768 748 2838 scripto
768 2767 855 2824 luisse
872 2770 906 2823 ab
925 2768 1065 2840 apostolis
1082 2779 1129 2825 ant
1148 2787 1244 2827 eorum

98 2854 247 2924 discipulis
269 2851 387 2923 prodita.
410 2851 463 2907 Sed
485 2868 535 2926 age
553 2853 624 2923 jam,
643 2855 751 2925 quidsi
769 2857 898 2912 universa
920 2858 1064 2932 religionis
1086 2861 1246 2918 christianae

99 2945 192 3017 capita
209 2942 361 3014 Scripturis
378 2941 601 2999 continerentur?
617 2942 732 3011 ideone,
750 2961 860 3016 quaeso,
879 2947 988 3004 inutilis
1008 2947 1136 3004 evaderet
1156 2953 1245 3006 trodi-

100 3038 163 3093 tio?
189 3033 302 3090 llinime
324 3048 406 3100 ver03
435 3033 547 3091 traditio
573 3033 664 3100 enim,
684 3051 746 3106 quae
770 3036 843 3092 idem
863 3045 906 3093 est
929 3053 961 3093 ac
983 3038 1093 3110 publiea
1115 3039 1247 3097 Ecclesiae

99 3126 275 3202 praedicatio,
302 3133 362 3180 tum
391 3126 566 3191 traditiones,
592 3133 652 3179 tum
675 3124 832 3199 Scripturas
857 3127 933 3199 ipsas
958 3129 1169 3200 complectitur,
1195 3131 1245 3188 ltas

98 3233 180 3290 aeque
198 3232 231 3271 ac
250 3216 313 3271 illas
332 3223 477 3271 conservat
494 3223 523 3270 et
539 3214 669 3270 fidelibus
686 3217 789 3283 tradit,
808 3232 958 3289 earumque
977 3234 1091 3274 sensnm
1109 3219 1199 3290 aperit
1214 3235 1247 3276 ao

98 3307 208 3366 definit.
228 3305 318 3376 Atque
336 3305 364 3360 in
383 3320 417 3362 eo
433 3305 552 3361 vertitur
573 3304 655 3360 cardo
678 3307 874 3363 controversiae
890 3324 951 3379 quae
967 3309 1117 3365 catholicos
1130 3310 1204 3365 iuter
1217 3319 1246 3366 et

99 3404 287 3471 protestantes
302 3396 403 3468 agitur.

137 3487 172 3542 Et
188 3501 253 3542 vero
271 3502 354 3542 voees
374 3487 505 3557 traditio,
525 3488 630 3543 traditu
648 3490 793 3558 doqmato,
809 3487 912 3559 saepius
924 3487 996 3560 apud
1011 3488 1106 3546 Patres
1125 3498 1247 3546 tantum-

132 3629 355 3697 (1)((Ἐπιλειψιι
375 3650 404 3699 με
420 3631 435 3684 ἡ
452 3631 547 3699 ἣμερα,
561 3650 593 3682 τα
608 3631 713 3701 ἄγραφα
728 3633 919 3692 reciarium<
938 3649 1059 3702 μυστηρια
1075 3626 1248 3703 ὃιηγουμενον.

97 3713 146 3769 Eia
162 3712 183 3760 τ’
201 3711 283 3762 ἀλλα·
303 3717 379 3767 duran
395 3706 422 3763 δε
441 3732 484 3767 την
502 3711 639 3780 ὸμολογιαν
657 3734 701 3772 της
718 3731 821 3774 iterator
839 3715 871 3773 εἰς
885 3733 981 3784 πατερα
992 3731 1036 3764 και
1053 3715 1106 3766 iton
1118 3733 1161 3765 και
1176 3716 1248 3784 ἁγιον

97 3811 207 3861 arrupte,
228 3795 255 3844 ἐκ
278 3810 355 3845 ποιων
376 3813 532 3864 γραμματων
549 3797 650 3862 ἐχομεν;
661 3829 730 3846 ·····
743 3796 764 3846 ei
782 3790 809 3847 δε
824 3815 867 3846 τον
884 3815 973 3865 τροπον
991 3815 1034 3854 της
1053 3789 1200 3866 δοξολογιας
1217 3799 1250 3855 ὡς

97 3879 214 3946 ὰγραφον
240 3894 434 3946 παραιτουνται,
450 3871 564 3928 Beroeam
576 3877 633 3945 ἡμιν
645 3898 689 3937 της
701 3898 726 3929 τε
740 3896 807 3929 κατα
820 3899 863 3933 την
875 3894 954 3929 πιατιν
966 3878 1124 3948 ὸμολογιας..
1138 3914 1144 3928 .
1158 3882 1249 3949 ἐγγρα-

97 3979 160 4028 poue
181 3977 225 4018 τας
246 3953 391 4021 daedaliae·
404 3979 419 4011 tt
432 3963 495 4012 lbid.
508 3977 534 4011 n.
548 3965 588 4012 67.

133 4045 179 4108 (2)
191 4060 205 4092 t(
274 4042 310 4097 Ei
327 4061 368 4110 μεν
388 4035 463 4110 μηδεν
484 4043 563 4112 ἕτερον
583 4061 712 4113 αγραφον,
738 4036 799 4112 μηδι
819 4061 892 4094 τουτο
913 4036 1113 4113 παραδεχδητω·
1133 4043 1153 4094 ei
1172 4037 1200 4093 δι
1217 4061 1249 4093 τα

96 4130 203 4175 alciora
218 4143 266 4175 των
286 4126 414 4191 pacaretur]
429 4124 550 4193 ἁγραφως
563 4125 620 4192 ἧμιν
645 4127 840 4193 ἐμπολιτιυεται,
858 4143 919 4192 μετα
936 4131 1032 4177 rottae
1048 4125 1249 4195 anticipaverat

98 4217 173 4250 τουτο
192 4193 397 4268 παραδεξομὼα.
415 4199 595 4251 Ἀποστολικον
616 4193 643 4249 δι
664 4216 748 4267 οιμαι,
765 4219 808 4250 και
830 4218 859 4250 το
886 4218 939 4260 ταις
956 4201 1078 4270 ἀγραφοις
1098 4192 1249 4268 repedasset

97 4296 262 4347 παραμενιιν,
283 4301 307 4330 κ.
323 4300 345 4331 τ.
359 4285 383 4328 λ.
396 4299 410 4332 n
423 4298 443 4332 o.
458 4286 506 4342 ⁶29,
520 4299 545 4332 n.
560 4289 583 4333 l.

1057 4394 1076 4450 9
