3150 5160
342 372 367 414 s.
385 370 588 425 incusamus,
604 368 799 415 uarrortnnsrs
813 370 982 415 nrmcorus.
1197 357 1238 417 89

91 525 186 574 ratum
205 516 375 588 compellat:
390 536 405 570 a
420 515 502 573 Nulla
522 514 647 572 imbutus
660 514 768 588 poetica
787 515 936 587 disciplina
949 515 1146 574 Terentianum
1164 518 1240 575 hlau-

91 623 158 663 rum
179 606 241 663 sine
261 606 394 680 magistro
414 606 559 679 adtingere
577 621 635 661 non
658 607 792 673 auderes3
816 605 919 678 Asper,
942 605 1097 676 Cornutus,
1117 609 1242 667 Donatus

92 696 184 754 etalii
197 696 415 754 innumerabiles
427 696 625 768 requiruntur,
644 704 676 751 ut
688 694 805 766 quilibet
818 705 899 766 poeta
912 696 1001 769 possit
1013 696 1148 771 intelligi,
1160 700 1241 771 cujus

90 786 217 844 carmina
233 796 263 844 et
278 785 381 843 theatri
400 785 515 858 plausus
532 783 663 840 videntur
685 792 817 854 captare:
837 791 868 838 tu
885 783 915 839 in
934 798 983 840 eos
998 783 1098 848 libras,
1111 786 1159 857 qui
1171 802 1242 859 quo-

91 891 150 948 quo
168 874 250 931 modo
268 890 300 931 se
318 873 454 941 habeant,
476 872 566 930 saneti
588 880 681 928 umen
701 871 916 945 divinarumque
934 888 1029 930 rernm
1045 873 1139 945 pleni,
1156 892 1242 950 prope

90 965 182 1022 totius
192 964 305 1038 generis
317 963 434 1021 humani
448 961 623 1021 confessione
634 959 827 1031 diffamantur,
842 965 902 1019 aiae
913 964 980 1020 daea
995 964 1098 1032 irruis,
1113 972 1139 1022 et
1155 967 1188 1022 de
1197 967 1243 1023 liis

90 1059 155 1113 siae
160 1062 325 1128 preceptore
337 1055 420 1110 aedae
429 1055 502 1124 serre
513 1055 676 1111 amamtam
687 1052 769 1129 (1).»
779 1054 863 1112 Vides
876 1054 999 1127 prolecto
1010 1055 1242 1128 quemadmodum

92 1145 269 1220 Augustinus
291 1145 464 1202 Honoratum
483 1144 604 1201 amicum
628 1159 728 1215 aspere
746 1145 884 1216 increpat,
903 1144 977 1218 quod
997 1145 1071 1216 ipse,
1089 1146 1244 1217 quamlibet

92 1238 205 1302 doctus,
220 1237 380 1309 Scripturas
398 1236 460 1292 sine
473 1245 642 1308 preceptore
655 1236 747 1309 legere
763 1249 796 1290 ac
812 1233 989 1306 interpretari
1007 1251 1064 1292 non
1077 1236 1200 1304 dubitem
1211 1245 1243 1293 tu

92 1344 162 1386 vero
174 1328 368 1385 sanctissimos
382 1327 446 1384 illos
463 1327 676 1398 divinarumque
695 1342 790 1384 rerum
808 1326 906 1398 plenos
919 1327 1005 1383 libros
1023 1326 1086 1383 rudi
1105 1341 1139 1383 ae
1153 1326 1244 1400 impe·

93 1419 152 1476 rito
166 1419 256 1476 cuivis
273 1418 380 1476 homini
397 1418 452 1475 sibi
466 1417 518 1475 soli
538 1417 675 1490 permisso
689 1415 800 1472 tradere
817 1431 875 1474 non
895 1414 1038 1472 verearis!
1062 1415 1151 1483 Quam
1166 1416 1245 1490 equi-

94 1509 161 1566 dem
182 1509 317 1566 abhorres
335 1523 351 1564 a
371 1507 508 1579 maiorum
528 1504 683 1564 institutis!

135 1597 190 1656 Sed
213 1599 273 1655 haec
295 1598 441 1654 hactenus.
460 1595 528 1664 Quae
543 1594 694 1669 Augustini
712 1592 848 1666 principia
867 1593 1051 1652 delibavimus
1067 1595 1145 1652 nulla
1163 1605 1247 1672 egent

95 1687 353 1747 commentatione:
367 1702 450 1745 nemo
466 1701 524 1744 non
536 1685 640 1742 viderit
652 1699 684 1741 ea
698 1700 753 1742 non
767 1693 876 1740 tantum
889 1685 1111 1756 protestantibus
1131 1702 1247 1759 prorsus

94 1777 254 1845 adversari,
274 1792 372 1833 verum
394 1777 479 1832 etiam
500 1774 731 1833 demonstrationi
750 1774 895 1832 catholicae
917 1775 1037 1832 multum
1055 1775 1165 1833 exiliis
1183 1785 1244 1833 tum

95 1865 264 1942 theologici,
278 1875 338 1923 tum
358 1865 516 1939 praesertim
529 1865 715 1939 philosophici
731 1864 897 1922 incrementi
908 1864 1062 1922 accessisse
1075 1883 1083 1922 ε
1098 1866 1154 1924 imo
1165 1882 1246 1935 vero,

97 1957 196 2015 dicere
222 1955 289 2013 licet
313 1954 502 2028 Augustinum
523 1956 645 2027 primum
670 1955 743 2012 inter
764 1955 862 2012 Patres
886 1955 1030 2023 extitisse,
1051 1955 1101 2028 qui
1123 1957 1246 2016 methodi

96 2046 243 2104 catholicae
269 2045 536 2102 demonstrationem
557 2045 777 2118 philosophicam
800 2045 966 2103 adumbrare
992 2046 1142 2106 studuerit.
1166 2048 1250 2108 Nune

96 2144 193 2194 autem
205 2135 239 2192 ad
254 2143 428 2207 postremum
446 2150 630 2208 properamus
645 2135 777 2204 Petrum,
797 2150 917 2208 quorum
932 2135 1087 2194 doctrinam
1106 2153 1248 2212 exponen-

99 2225 166 2283 dam
185 2224 431 2283 constitueramus.

643 2398 702 2472 gs.

503 2588 661 2629 vtttcnrvrttts
674 2586 838 2628 Leutbsttsts.

139 2741 199 2795 buo
220 2741 396 2811 potissimum
419 2743 560 2798 rationum
586 2752 726 2800 momenta
748 2759 794 2800 me
813 2751 927 2800 movent
945 2759 996 2798 cur
1014 2743 1153 2800 vincentii
1172 2743 1245 2801 circa

100 2828 265 2887 methodum
284 2829 421 2903 principia
439 2832 572 2906 attingam
591 2842 675 2904 atque
693 2833 822 2890 etiamad
835 2833 969 2889 trutinam
989 2847 1125 2889 revocem.
1144 2832 1247 2889 Notum

99 2929 146 2978 est
160 2920 263 2992 saepius
276 2929 461 2992 protestantes
478 2923 551 2979 male
564 2932 700 2994 susceptae
713 2939 803 2980 eausae
819 2923 979 2995 praesidium
997 2922 1027 2977 in
1047 2938 1080 2978 eo
1098 2923 1247 2981 celeberri-

100 3026 148 3066 mo
171 3011 292 3066 auctoris
310 3008 391 3066 effato
411 3011 572 3082 quaesivisse
593 3028 600 3067 ε
615 3011 776 3069 Curandum
793 3019 831 3068 cat
847 3021 878 3070 at
894 3016 925 3069 id
942 3021 1079 3069 teneamur
1097 3015 1168 3086 qood
1185 3014 1249 3069 abi-

100 3119 166 3173 que,
192 3101 263 3170 qaod
287 3117 406 3171 semper,
431 3104 503 3175 qaod
521 3104 557 3158 ab
580 3104 705 3159 omuibus
730 3106 862 3161 creditam
880 3111 932 3172 est,·
953 3104 1071 3177 perinde
1089 3119 1122 3160 ae
1144 3104 1169 3160 si
1190 3104 1250 3161 haec

100 3192 235 3267 praeclare
251 3192 399 3249 admodum
419 3191 493 3249 dicta
507 3193 548 3250 sic
564 3193 745 3266 intelligenda
762 3195 868 3263 forent,
889 3204 920 3252 ut
939 3195 1040 3266 cuique
1057 3194 1197 3270 integrum
1212 3195 1250 3251 sit

102 3285 164 3356 ipsa
182 3283 314 3339 Ecclesiae
333 3283 406 3339 circa
423 3282 505 3340 tidem
524 3284 635 3340 decreta
653 3285 682 3341 in
698 3286 821 3342 medium
838 3302 954 3354 vocare,
972 3287 1061 3342 donec
1073 3295 1250 3358 perspectum

101 3373 231 3430 habuerit
254 3389 286 3430 ea
309 3389 406 3446 reapse
433 3375 627 3440 universitati,
651 3377 814 3448 antiquitati
838 3384 863 3432 et
892 3377 1062 3433 consensioni
1088 3392 1249 3434 consonare.

100 3462 259 3520 Videndum
275 3479 340 3538 ergo
356 3471 468 3521 rectene
485 3481 521 3521 an
538 3480 619 3522 secus
639 3464 686 3521 illa
703 3481 734 3521 se
752 3463 853 3520 babeat
868 3464 1068 3536 interpretatio.
1087 3463 1190 3520 Eodem
1205 3479 1250 3520 ac-

101 3553 192 3620 cedit,
212 3568 273 3608 mea
294 3564 369 3610 certe
388 3556 540 3624 sententia,
558 3555 682 3628 perbelle
697 3570 713 3611 a
729 3555 876 3611 Vincentio
891 3554 1008 3611 traditas
1026 3554 1113 3611 inisse
1126 3554 1250 3612 methodi

100 3642 246 3701 catholicae
265 3644 341 3717 leges
354 3661 361 3699 ε
376 3645 445 3716 quin
462 3647 548 3702 etiam
561 3646 702 3720 proiectus
721 3645 812 3702 hicio
830 3646 1016 3703 controversia
1036 3647 1172 3712 cernitur,
1193 3663 1249 3704 non

101 3734 314 3807 philosophicus
339 3735 466 3805 quidem,
495 3736 567 3793 nihil
592 3737 667 3793 enim
694 3736 886 3809 philosophice
909 3735 1043 3794 disseruit
1067 3745 1177 3806 auctor,
1199 3739 1249 3795 sed

102 3823 287 3896 theologicus.

140 3909 212 3980 Quid
241 3909 345 3986 igitur?
376 3911 485 3985 Reliqui
504 3915 601 3971 Patres
625 3931 721 3972 omnes
746 3916 881 3972 hactenus
903 3930 969 3971 saue
986 3914 1105 3972 docuere
1128 3915 1200 3972 nihil
1219 3927 1250 3972 ut

100 4018 200 4060 verum
222 4002 378 4059 habendum
401 4004 457 4061 uisi
478 4006 552 4076 quod
573 4022 636 4061 cum
656 4006 793 4063 catholica
811 4006 936 4062 Ecclesia
960 4005 1127 4073 consentiat3
1144 4014 1173 4062 et
1184 4020 1249 4061 vero

101 4092 190 4165 aliqui
212 4109 247 4150 ex
272 4093 329 4150 illis
350 4106 545 4169 argumentum
572 4097 625 4154 hoa
650 4097 781 4169 praeclare
806 4106 834 4153 et
858 4095 971 4167 copiose
995 4095 1170 4162 evolverunt;
1188 4107 1250 4164 quae

102 4190 212 4249 antem,
234 4182 282 4239 ubi
297 4183 429 4242 Ecclesiae
446 4185 571 4244 doctrina
589 4187 702 4246 decreto
717 4187 836 4262 quodam
856 4187 973 4245 solemni
996 4196 1024 4242 et
1039 4186 1170 4243 omnibns
1184 4194 1249 4240 noto

136 4352 180 4420 (r)
194 4355 222 4404 c.
236 4355 298 4418 vu,
311 4373 337 4408 n.
355 4363 396 4409 ιτ.

1063 4467 1101 4523 ta
