3150 5160
213 360 251 417 ll
314 375 352 417 uu
374 375 412 418 rrs
434 372 577 417 aurursus
597 372 649 428 qur
672 371 742 415 rosr
763 372 854 415 mvuu
875 371 1079 418 trosromcuu
1099 373 1264 421 mouuuna.

209 519 291 586 velit,
305 528 441 576 utcontra
454 519 502 574 illa
516 519 578 591 plus
594 533 671 589 aequo
687 517 835 589 amplificet
848 526 876 574 ει
889 528 1041 592 exaggeret.
1056 519 1159 576 Verum
1172 519 1207 576 de
1220 521 1265 578 his
1285 522 1352 578 hac-

210 617 292 666 tenus
311 609 378 666 satis
400 625 451 667 nos
470 609 638 667 disseruisse
658 619 806 682 putamus;
828 608 863 665 ad
881 607 1067 684 Augustinum
1086 612 1305 684 progrediamur.

754 820 807 892 qr.

494 1067 518 1108 S·
540 1065 713 1116 tutusrtrtttS,
734 1065 903 1107 ulerunt-:usas
922 1066 1071 1108 artscovtts

257 1280 393 1350 Quoniam
419 1279 491 1336 inter
516 1280 613 1336 Patres
643 1294 740 1336 omnes
762 1295 870 1334 summa
894 1278 997 1354 ingenii
1019 1279 1046 1335 ri
1068 1289 1096 1336 ει
1117 1278 1176 1336 acie
1197 1281 1301 1338 eminet
1322 1281 1354 1339 S.

212 1371 399 1444 Augustinus,
422 1370 607 1443 quoniamque
630 1370 731 1442 saepius
746 1370 925 1440 quaestionem
947 1369 981 1424 de
1003 1369 1165 1426 auctoritate
1184 1380 1212 1426 ει
1230 1371 1356 1427 Ecclesia

212 1462 347 1517 adversus
373 1461 517 1517 haereticos
540 1460 675 1517 dimicans
699 1469 867 1532 pertractare
892 1458 1005 1524 debuit,
1029 1459 1091 1516 idco
1116 1477 1207 1532 operae
1232 1463 1356 1534 pretium

212 1553 266 1607 erit
285 1551 313 1606 iu
332 1550 395 1622 ejus
413 1550 538 1608 doctrina
557 1550 716 1622 exponenda
737 1550 817 1622 paulo
836 1548 941 1605 diutius
960 1549 1117 1618 immorari;
1136 1551 1262 1623 plurimae
1277 1553 1357 1609 enim

213 1644 347 1699 utilitates
369 1642 402 1698 ad
423 1642 566 1698 scientiam
588 1640 771 1714 theologicam
791 1640 1002 1712 promovendam
1024 1656 1112 1698 exeo
1134 1642 1197 1698 elici
1220 1653 1357 1713 possunt;

213 1741 241 1788 et
259 1732 416 1789 uberrimus
433 1732 544 1804 quidem
563 1731 608 1787 hic
626 1731 750 1786 cernitur
768 1730 962 1787 controversie
980 1730 1128 1801 proiectus.

248 1823 404 1894 Antequam
418 1824 452 1878 ad
466 1824 561 1878 Patres
575 1821 751 1894 exponendos
767 1821 988 1895 aggrediremur,
1002 1822 1161 1878 monuimus
1178 1838 1233 1878 uon
1247 1822 1360 1878 theolo-

212 1913 272 1986 gica
286 1913 382 1979 modo,
397 1913 446 1968 sed
459 1912 543 1967 etiam
554 1911 744 1984 philosophica
757 1910 810 1965 alia
826 1927 889 1967 esse
902 1912 1003 1982 quibus
1016 1912 1209 1983 comprobetur
1225 1911 1361 1967 Ecclesiae

213 2005 363 2060 auctoritas
382 2011 552 2077 argumento.
572 2002 711 2057 Hactenus
727 2009 820 2056 antem
839 2001 867 2056 id
885 2011 991 2057 tautum
1009 2001 1066 2057 iere
1083 2001 1155 2074 apud
1176 2003 1271 2058 Patres
1284 2001 1362 2056 vidi-

213 2109 291 2159 mus,
310 2093 345 2148 ab
365 2093 405 2148 eis
425 2101 563 2163 tamquam
582 2091 686 2158 [actum
705 2089 858 2146 asseverari
878 2105 910 2144 ac
932 2091 1098 2164 propugnari
1122 2091 1310 2147 iustitutionis
1330 2101 1362 2146 et

214 2183 388 2238 auctoritatis
416 2182 590 2248 methodum,
614 2190 642 2238 et
664 2196 724 2236 eam
750 2179 916 2251 quaudoque
938 2179 973 2236 ad
998 2180 1123 2236 ordinem
1149 2182 1363 2255 systematicum

215 2272 260 2328 vel
282 2272 316 2327 ad
345 2272 464 2327 theorias
491 2272 629 2339 revocari;
657 2287 797 2343 nunquam
822 2287 887 2327 vero
914 2271 1038 2342 ejusdem
1064 2273 1284 2329 convenientiam
1309 2284 1363 2330 aut

217 2363 301 2418 etiam
323 2362 516 2418 necessitatem
538 2363 709 2419 constituere
732 2364 909 2418 studuerunt.
932 2364 967 2420 At
989 2364 1107 2421 ulterius
1129 2378 1293 2436 progressus
1315 2373 1364 2420 cst

215 2453 397 2528 Augustinus.
421 2453 598 2527 Argumentis
617 2453 690 2508 enim
710 2468 775 2508 rere
794 2453 1010 2525 philosophicis,
1032 2454 1123 2510 ductis
1145 2469 1243 2525 nempe
1262 2470 1297 2511 ex
1316 2453 1364 2527 ip-

217 2545 277 2601 sius
306 2554 412 2600 naturae
433 2544 553 2617 legibus,
578 2542 751 2599 auctoritatis
778 2543 972 2599 necessitatem
1000 2551 1059 2599 tum
1085 2544 1113 2598 in
1140 2544 1269 2600 universa
1294 2543 1364 2600 vitae

217 2635 432 2701 consuetudine,
457 2643 516 2689 tum
542 2632 696 2704 praesertim
720 2631 750 2686 iu
771 2648 802 2688 re
826 2632 955 2706 religiosa
974 2633 1090 2705 probare
1114 2651 1146 2690 ac
1167 2634 1364 2691 demonstrare

217 2725 361 2783 contendit
380 2741 387 2781 :
412 2724 438 2780 id
458 2733 551 2779 autem
572 2738 670 2794 proca
689 2738 743 2793 qua
767 2723 887 2794 pollebat
905 2723 1007 2779 mentis
1028 2724 1131 2780 virtute
1148 2723 1279 2795 praeclare
1295 2738 1363 2795 per-

218 2817 292 2872 iecit.
307 2815 490 2884 eramobrem
506 2815 557 2869 hac
571 2813 746 2885 potissimum
760 2813 866 2870 ratione
879 2813 1109 2871 demonstrationi
1126 2813 1268 2870 catholicae
1287 2814 1362 2870 mul-

218 2916 278 2961 tum
292 2922 325 2961 ex
340 2905 494 2978 Augustino
509 2903 672 2960 incrementi
688 2903 818 2958 accedere
838 2904 929 2959 debet.

257 2996 341 3051 Porro
362 3003 522 3068 argumenta
543 2994 605 3060 illa,
626 2992 661 3048 de
680 2993 781 3065 quibus
800 2993 954 3065 loquimur,
976 2993 1167 3066 philosophica
1186 2994 1306 3050 maxime
1330 2996 1358 3050 in

219 3083 299 3140 libris
312 3100 381 3155 quos
396 3084 528 3140 adversus
547 3083 712 3140 Manichacus
725 3084 847 3140 exaravit
864 3092 929 3139 sunt
943 3085 1098 3155 quaerenda.
1113 3085 1147 3139 Et
1162 3086 1232 3142 ratio
1244 3085 1358 3156 quidem

220 3175 250 3231 in
267 3184 394 3247 promptu
411 3182 463 3230 est.
482 3174 583 3230 Notum
597 3181 640 3228 est
656 3173 730 3229 enirn
747 3173 922 3240 manicheos,
938 3190 994 3230 uon
1012 3191 1093 3231 secus
1109 3191 1141 3231 ac
1160 3175 1358 3232 Rationalistas

220 3266 386 3333 hodiernos,
404 3264 485 3320 [idem
505 3262 742 3321 etauctoritatem
764 3262 883 3321 ludibrio
907 3264 1053 3333 habuisse,
1073 3265 1272 3337 scientiamque
1294 3283 1357 3338 per-

219 3356 319 3414 lectam
337 3356 367 3411 iu
385 3356 470 3412 rebus
482 3354 585 3411 divinis
602 3354 745 3410 venditare
761 3362 789 3409 et
805 3355 929 3425 polliceri
945 3355 1041 3412 solitos
1059 3354 1156 3421 luisse;
1171 3371 1232 3426 quae
1243 3355 1355 3425 quidem

221 3447 381 3519 pollicitatio
400 3445 491 3518 ipsum
508 3445 692 3519 Augustinum
710 3442 849 3516 juniorem
869 3444 1024 3516 deceperat.
1044 3446 1078 3502 Ut
1096 3455 1188 3501 autem
1207 3445 1270 3501 tidei
1289 3462 1355 3502 cou-

220 3546 356 3609 temptum
382 3553 414 3592 ac
439 3537 583 3593 irrisiones
611 3536 728 3592 istorum
756 3535 990 3593 rationalistarum
1015 3536 1171 3600 refelleret,
1196 3551 1228 3590 eo
1252 3536 1356 3606 saepius

220 3627 358 3683 adductus
371 3635 428 3693 est,
447 3635 477 3682 ut
490 3625 672 3697 perpenderet
689 3635 782 3681 utrum
795 3624 863 3682 adeo
879 3636 983 3682 naturae
998 3642 1030 3682 ac
1047 3626 1161 3682 rationis
1174 3625 1300 3682 humanae
1316 3627 1355 3682 le-

219 3717 302 3790 gibus
315 3718 477 3774 adversetur
494 3715 658 3782 auctoritas,
671 3731 705 3770 an
724 3725 818 3772 contra
832 3732 895 3773 cum
912 3717 947 3773 iis
964 3717 1089 3790 apprime
1104 3717 1267 3773 consentiat.
1284 3716 1355 3786 Quid

223 3823 304 3878 porro
321 3807 372 3862 hac
390 3807 419 3861 in
438 3822 470 3862 re
484 3805 643 3877 praestiterit
659 3822 722 3863 mox
740 3805 841 3862 dicturi
861 3822 967 3865 sumus.
988 3808 1068 3865 Prius
1086 3808 1120 3865 de
1138 3807 1199 3879 ejus
1216 3808 1289 3865 circa
1306 3811 1356 3867 Ec-

223 3898 335 3953 clesium
357 3896 501 3969 principiis
521 3895 681 3969 theologicis
701 3910 792 3953 sermo
816 3898 959 3955 habendus
978 3906 1034 3966 est,
1056 3898 1103 3953 ubi
1122 3908 1214 3954 tamen
1236 3899 1283 3955 hic
1300 3900 1357 3956 illic

222 3988 305 4046 etiam
323 3997 468 4044 occurrent
488 3987 622 4059 principia
642 3987 842 4059 philosophica.

260 4080 382 4135 Primum
402 4079 545 4133 exordium
561 4077 688 4134 ducimus
707 4078 741 4133 ab
758 4078 918 4151 exponenda
935 4077 1060 4135 doctrina
1077 4094 1138 4150 quaa
1155 4079 1262 4136 obviam
1282 4077 1314 4135 lit
1328 4080 1356 4134 in

223 4186 256 4228 co
274 4186 356 4242 qucm
369 4168 470 4224 Contra
486 4169 637 4238 Epistulam
653 4169 824 4238 fundamenti
842 4168 1008 4240 conscripsit
1024 4169 1103 4226 libro.
1121 4168 1291 4241 Quamquam
1310 4185 1357 4224 au-

223 4271 280 4319 tem
303 4259 340 4318 ibi
358 4259 533 4332 potissimum
555 4275 606 4315 suo
623 4259 747 4332 exemplo
767 4259 841 4333 leges
864 4268 892 4315 ει
913 4260 1022 4334 regulas
1040 4259 1135 4318 doceat
1160 4260 1261 4332 quibus
1282 4263 1357 4318 theo
