3166 5168
227 395 468 442 rnornsrtnvruu
490 393 641 438 vulnerata
664 394 702 437 un
724 392 898 438 nntrurours
919 392 1072 438 uvrnono.
1166 381 1225 440 lbi

80 555 147 618 ergo
165 557 217 600 uec
236 543 283 599 ille
297 557 390 599 errare
407 541 510 615 poterit
525 539 572 613 qui
582 552 652 596 ‘earn
668 538 748 612 sequi
759 538 894 597 volucrit!
906 570 943 580 -
956 538 1002 596 Sic
1018 538 1085 594 alibi
1105 538 1229 611 loquitur

81 633 155 692 idem
173 633 343 707 zwinglius:
359 652 374 686 v
385 631 455 690 Cum
467 633 521 687 lica
534 632 640 686 doceam
652 631 759 686 discant
777 630 834 700 pii,
848 645 898 686 cur
912 645 967 687 non
984 645 1046 686 eam
1058 629 1227 698 doctrinam,

81 738 165 798 quam
177 723 312 780 divinitus
325 723 478 795 accipiunt,
492 721 528 779 iis
541 721 657 776 liberam
670 717 850 792 permittitis?
863 719 943 788 Quod
953 735 1019 776 vero
1032 721 1106 777 licus
1119 721 1227 792 piorum

80 813 190 871 animos
209 814 352 881 instituat,
372 813 500 869 Christus
519 811 616 868 eodem
637 810 667 866 iu
686 811 746 867 loc'o
765 825 821 867 uon
839 810 958 866 obscure
978 810 1084 878 innuit,
1102 811 1199 870 dicens
1219 831 1226 870 ε

81 901 180 960 Omnis
193 904 241 977 qui
259 903 397 960 audiverit
410 903 520 958 a'Patro
533 909 561 957 et
573 899 714 966 didicerit,
729 899 762 956 ad
776 915 822 955 me
834 900 919 956 veuit.
936 900 1022 957 Nemo
1035 902 1070 956 ad
1086 901 1228 959 Christum

83 994 226 1067 pervenit,
245 995 300 1051 nisi
320 993 506 1068 cognitionem
525 991 636 1047 illiusa
658 991 740 1046 Patre
757 990 903 1061 acceperit.
927 991 1024 1047 iamne
1042 1006 1107 1064 ergo
1126 990 1228 1050 videtis

81 1093 111 1142 et
128 1084 245 1152 auditis,
262 1084 326 1156 quls
344 1085 382 1139 sit
400 1083 532 1156 magister
549 1079 690 1137 fidelium?
708 1080 767 1137 Non
788 1081 899 1148 Patres,
921 1097 976 1137 non
996 1081 1123 1138 doctores
1145 1082 1228 1141 titulo

83 1174 212 1246 superbi,
234 1189 290 1231 non
310 1173 436 1248 magistri
458 1171 563 1237 nostri,
587 1186 643 1227 nou
664 1171 826 1243 pontificum
848 1180 952 1240 coetus,
975 1187 1031 1229 non
1053 1172 1148 1240 sedes,
1170 1189 1227 1230 non

83 1264 198 1330 scholae,
212 1279 264 1319 nec
285 1263 416 1330 coucilia,
435 1263 484 1320 sed
502 1263 584 1318 Pater
603 1262 713 1319 Domini
733 1262 821 1319 nostri
839 1263 903 1319 lesu
925 1262 1039 1320 Christi.
1059 1262 1131 1331 Quid
1149 1279 1228 1338 ergo,

83 1352 219 1424 objicitis,
238 1367 274 1407 an
295 1351 378 1408 homo
400 1351 542 1408 hominem
564 1349 663 1406 docere
683 1366 738 1406 nou
759 1349 872 1423 potest?
890 1350 1078 1424 Nequaquam.
1099 1349 1228 1408 Christus

83 1443 159 1501 enim
171 1443 240 1500 dicit
254 1458 261 1498 ε
275 1457 356 1498 nemo
369 1442 446 1499 venit
458 1441 493 1497 ad
507 1456 569 1508 me,
582 1440 636 1496 uisi
657 1441 741 1496 Pater
753 1441 868 1497 traxerit
881 1456 987 1498 euru...
1005 1441 1094 1497 Verba
1108 1440 1230 1514 Spiritus

83 1535 157 1592 clara
177 1543 255 1600 sunt,
274 1533 398 1590 doctrina
416 1533 466 1588 liei
486 1533 559 1588 clara
578 1540 637 1598 est,
655 1530 735 1587 docet
757 1540 785 1586 et
805 1531 926 1588 bominis
945 1531 1069 1587 animum
1091 1530 1153 1587 sine
1171 1531 1230 1588 ullo

84 1625 213 1682 humanae
225 1624 342 1680 rationis
355 1623 541 1680 additamento
555 1620 609 1696 (ll.
621 1620 834 1689 a—Quodlibet
847 1621 932 1696 igitur
943 1620 1134 1697 magisterium
1148 1620 1231 1693 plane

84 1714 225 1787 rejicitur,
244 1723 272 1771 et
290 1713 461 1769 christianus
480 1711 534 1768 sibi
553 1711 606 1768 soli
625 1710 804 1784 permittitur.

120 1803 251 1861 Calvinus
265 1804 378 1877 quidem
393 1819 475 1874 quam
489 1802 609 1859 maxima
625 1801 757 1876 lugendas
774 1801 856 1858 istius
872 1800 1003 1874 principii
1021 1802 1148 1873 sequelas
1168 1801 1229 1859 suis

83 1894 179 1961 oeulis
189 1895 247 1968 jam
269 1893 444 1966 conspiciens
464 1894 493 1950 in
509 1894 559 1950 bac
578 1893 622 1949 via
642 1893 739 1962 haesit,
752 1892 808 1950 imo
827 1893 942 1966 gradum
961 1907 1090 1949 revocare
1113 1901 1231 1950 conatus

84 1993 139 2052 est,
153 1994 181 2041 et
194 1985 364 2042 constituere
376 1984 464 2042 voluit
476 1985 636 2042 doctoribus
651 1992 733 2056 atque
749 1984 881 2040 Ecclesiae
894 1983 1031 2041 ministris
1045 1985 1230 2056 praestandam

82 2074 278 2132 obedientiam.
292 2076 394 2133 ilerum
411 2085 580 2148 quantopere
599 2075 657 2130 haee
675 2075 710 2130 ab
733 2075 794 2146 ipso
809 2073 1129 2147 pseudo-relormationis
1150 2075 1228 2147 priu-

82 2167 157 2239 cipio
170 2167 299 2223 aberrent
311 2183 393 2224 nemo
406 2167 510 2238 estqui
523 2182 578 2223 non
592 2165 692 2221 videat.
707 2164 735 2220 Si
749 2165 824 2220 enim
839 2165 990 2221 auctoritas
1003 2165 1116 2238 agnosci
1129 2163 1229 2222 debeat

81 2258 129 2314 oui
142 2257 273 2314 omnibus
286 2258 323 2314 sit
338 2257 505 2330 parendum,
519 2273 574 2329 quo
585 2255 648 2327 jure
659 2254 791 2312 Calvinus
806 2255 936 2312 EcclesIae
949 2254 1093 2312 catholicae
1109 2257 1230 2314 auctori-

83 2356 184 2415 tatem,
197 2363 280 2419 aqua
296 2347 446 2415 deiecerat,
461 2357 639 2405 contemnere
653 2347 743 2419 potuit
759 2356 790 2403 ut
802 2346 915 2402 sibimet
928 2347 988 2419 ipse
999 2347 1082 2403 tidem
1096 2347 1230 2404 haberetl

83 2437 209 2506 Quodsi
234 2439 295 2511 ipse
319 2439 451 2496 Ecclesiae
474 2439 664 2514 magisterium
687 2437 764 2494 flocci
792 2436 882 2493 lacere
907 2435 948 2493 las
975 2437 1069 2505 duxit,
1096 2454 1146 2495 cur
1169 2438 1230 2510 ejus

82 2529 277 2586 auctoritatem
295 2529 426 2602 discipuli
444 2531 619 2602 susciperent
636 2544 668 2586 ac
680 2524 895 2585 venerarentur?
910 2524 1047 2583 Caeterum
1065 2526 1231 2600 generensis

83 2618 268 2675 haeresiarcha
280 2619 315 2674 ab
329 2618 392 2675 istis
405 2619 566 2691 principiis,
579 2636 641 2692 quae
657 2619 819 2674 catholicam
836 2617 999 2673 methodum
1018 2617 1137 2674 nimium
1148 2616 1231 2674 redo-

83 2710 196 2774 lebant,
216 2710 320 2780 saepius
342 2707 479 2775 discedit,
502 2709 655 2765 decernens
677 2709 837 2766 testimonio
861 2707 982 2779 Spiritus
1002 2706 1092 2763 sancti
1117 2706 1230 2764 interno

83 2799 224 2871 praecipue
237 2797 378 2854 fidendum
393 2812 455 2853 esse
468 2795 527 2872 (El.
540 2798 575 2853 Et
593 2813 659 2854 vero
672 2799 801 2868 qnoniam
815 2814 850 2854 ex
866 2795 1079 2853 calvinistarum
1093 2796 1231 2854 sententia

84 2888 217 2946 Ecclesiae
235 2886 372 2959 judicium
395 2887 482 2943 errori
505 2895 548 2943 est
570 2887 735 2955 obnoxium,
757 2903 808 2943 cur
829 2887 947 2960 quilibet
968 2886 1140 2943 christianus
1163 2886 1232 2944 illud

84 2979 165 3050 sequi
185 2977 349 3052 juberetur?
367 2978 475 3050 ltaque,
496 2994 527 3034 re
549 2979 660 3050 penitus
678 2986 839 3051 perspecta,
859 2978 957 3035 eodem
975 2977 1076 3034 recidit
1098 2978 1234 3036 calvinis-

85 3077 178 3124 tarum
200 3077 228 3124 et
249 3068 472 3125 Lntbera'norum
493 3069 662 3142 principium
684 3087 690 3125 :
719 3070 850 3141 utrinque
871 3069 964 3141 quivis
987 3069 1017 3125 in
1049 3084 1080 3126 re
1101 3069 1232 3145 religiosa

83 3159 242 3216 necessario
259 3158 314 3214 sibi
332 3158 517 3230 permittitur,
530 3161 656 3216 nec'ulla
673 3160 824 3218 auctoritas
836 3160 988 3233 quidquam
1005 3160 1069 3234 jure
1082 3162 1234 3236 praecipere

85 3257 134 3306 ant
150 3251 299 3306 decernere
316 3258 416 3321 potest.

124 3339 204 3408 Quod
226 3340 369 3412 speciatim
393 3337 494 3396 attinet
512 3333 712 3398 ad'ccclesia'm
731 3331 923 3414 hng'licanam,
945 3340 974 3396 in
994 3356 1026 3396 ea
1046 3357 1130 3411 quarn
1148 3341 1235 3399 edidit

87 3428 152 3486 fidei
165 3428 339 3486 confessione
350 3431 513 3503 prohibetur
529 3446 564 3486 ne
583 3429 706 3487 Ecclesia
719 3429 870 3503 quidquam
887 3429 1029 3501 praecipiat
1041 3416 1126 3485 sacrae
1141 3428 1234 3501 Scrip-

87 3529 158 3576 turae
174 3520 332 3592 oppositum
350 3529 398 3576 aut
414 3517 504 3592 ipsius
522 3520 671 3592 Scripturae
690 3519 774 3575 verba
794 3534 939 3591 perperam
957 3519 1160 3591 interpretetur
1179 3519 1233 3595 (5).

87 3611 159 3684 Ergo
172 3608 230 3665 lalli
247 3618 339 3682 potest
354 3610 491 3677 Ecclesia;
504 3626 568 3686 ergo
582 3611 643 3684 eius
655 3609 792 3683 judicium
806 3607 943 3681 superiori
959 3606 1046 3680 judici
1063 3608 1212 3680 subjicitur
1226 3627 1233 3667 ι

88 3702 153 3774 quis
171 3707 264 3756 autem
284 3699 321 3756 sit
335 3699 420 3772 judex
440 3701 491 3756 ille
511 3718 566 3758 non
582 3702 679 3758 definit
696 3700 847 3767 contessi03
862 3699 909 3756 sed
928 3698 1002 3754 idem
1022 3697 1069 3754 hic
1085 3698 1234 3755 dicendum

89 3792 162 3865 quod
178 3788 260 3846 modo
273 3788 308 3846 de
326 3789 440 3848 Calvino
458 3793 648 3850 monebamus.
663 3792 698 3850 Et
711 3807 776 3849 vero
791 3790 921 3848 convenit
931 3787 989 3845 iere
1006 3788 1080 3845 inter
1092 3789 1235 3864 theologos

121 3962 164 4029 (l)
176 3968 210 4016 De
221 3964 337 4012 certitod.
349 3968 372 4012 et
383 3963 467 4014 clarit.
479 3962 550 4014 verbi
561 3965 619 4024 Dei,
632 3977 655 4013 c.
667 3961 717 4023 lll,
730 3977 792 4029 opp.
804 3968 866 4013 torn.
879 3961 905 4022 Ι,
918 3977 944 4029 p.
957 3963 1015 4012 169.
1246 4009 1248 4013 ,

121 4045 164 4113 (E)
175 4047 213 4097 ct.
224 4048 306 4095 instit.
318 4043 364 4094 lib.
378 4045 403 4105 l,
416 4060 438 4094 c.
451 4049 480 4105 7,
495 4044 509 4110 ᾗ
521 4048 550 4105 5,
563 4043 605 4094 fol.
619 4048 644 4095 5.
656 4040 729 4105 ulei,
741 4041 827 4110 inquit
838 4042 876 4093 cl.
889 4041 1107 4107 Moehler‚Calvin
1119 4057 1237 4095 renversc

87 4127 196 4180 l'ediliee
207 4126 271 4196 qu’il
287 4125 355 4178 avait
373 4124 442 4176 e'levv'e
457 4123 472 4176 ὲ
487 4125 509 4176 si
524 4124 617 4192 grands
628 4124 691 4176 lrais
706 4139 713 4175 :
726 4123 745 4174 il
758 4122 822 4176 rond
834 4121 849 4173 it
861 4123 887 4176 la
899 4123 983 4180 raison
1000 4123 1168 4183 individuelle
1182 4129 1238 4176 tout

88 4227 117 4263 ce
130 4210 195 4278 qu'il
206 4208 289 4262 s'dtuit
300 4206 392 4260 clionee
404 4206 434 4258 de
446 4207 484 4258 lui
496 4207 624 4261 urracher.
635 4225 649 4261 u
662 4214 723 4261 torn.
736 4207 771 4272 ll,
784 4223 809 4275 p.
822 4208 863 4258 95.

125 4293 166 4360 (3)
178 4291 216 4343 Gi.
231 4291 341 4358 consess.
354 4293 429 4356 Aapl.
444 4299 492 4343 art.
506 4296 545 4342 la.
