3166 5168
577 495 715 580 turni
743 495 771 577 l.

311 731 344 772 lili
361 729 510 771 nullatanus
529 728 596 768 ANTE
615 727 747 770 cunlsuutt
766 726 853 767 nnttltt
872 723 1038 767 unanimous.
1061 726 1063 733 ’

148 913 244 971 Totius
258 913 368 987 generis
381 912 493 968 humaui
516 911 718 983 proto-parenti
742 909 865 974 condito,
885 925 948 964 mox
961 909 1048 975 neus,
1067 915 1097 963 nt
1116 915 1253 963 testantur

111 1019 196 1060 sacrae
211 1005 323 1069 litterae,
345 1003 470 1076 dogmata
487 1011 677 1073 praeceptaque
694 1000 837 1073 religionis
855 1009 914 1054 tum
930 998 1064 1054 naturalis
1076 1007 1136 1054 tum
1153 1014 1250 1069 super·

110 1094 244 1150 naturalis
265 1093 404 1149 revelavit.
424 1093 520 1163 ltaque
542 1091 772 1163 quemadmodum
793 1090 932 1153 eonditor,
951 1089 988 1144 ita
1007 1098 1034 1144 et
1050 1088 1146 1145 doctor
1167 1090 1249 1161 primi

111 1183 231 1240 hominis
250 1185 321 1240 Deus
342 1183 442 1239 extitit.
465 1182 585 1237 Adamns
603 1190 695 1236 antem
715 1181 756 1236 sic
775 1179 790 1234 a
812 1180 866 1235 lico
888 1179 1016 1244 edoctus,
1035 1179 1165 1236 veritates
1181 1196 1251 1251 quas

111 1289 145 1330 en
166 1275 220 1332 isto
245 1274 320 1331 tonte
342 1274 509 1330 nitidissimo
533 1281 677 1328 manantes
706 1280 864 1343 exceperat,
888 1270 1007 1342 posteris
1028 1270 1087 1326 suis
1109 1279 1250 1342 tamquam

110 1380 219 1420 sacrum
243 1363 379 1436 quoddam
406 1364 562 1436 depositum
589 1362 709 1436 integras
736 1361 911 1432 illibatasque
940 1359 1049 1417 tradere
1075 1363 1170 1433 jussus
1195 1371 1247 1418 est.

112 1454 211 1522 «Quia
232 1471 291 1522 res,
310 1455 400 1527 inquit
418 1454 445 1510 S.
468 1454 587 1510 Thomas
607 1450 671 1526 (l),
690 1452 819 1523 primitus
836 1451 852 1506 'a
870 1452 924 1508 Deo
946 1451 1079 1507 institutae
1098 1461 1175 1517 sunt,
1195 1469 1250 1509 non

110 1546 200 1601 solnm
224 1554 254 1602 ut
273 1546 300 1600 in
317 1546 417 1618 seipsis
434 1553 540 1608 essent,
558 1544 702 1598 sedetiam
718 1548 749 1597 ut
771 1549 855 1598 essent
877 1544 996 1598 aliorum
1012 1545 1168 1614 principio,
1187 1545 1249 1602 iden

112 1636 250 1706 productae
267 1643 333 1691 sunt
351 1635 379 1689 in
396 1643 470 1690 statu
487 1632 620 1706 perfeeto,
639 1633 667 1688 in
685 1649 738 1704 quo
757 1642 870 1704 possent
889 1649 950 1689 esse
969 1634 1103 1705 principia
1120 1635 1249 1692 aliorum.

112 1724 199 1780 Homo
216 1733 308 1780 autem
323 1733 485 1796 potestesse
501 1723 668 1794 principium
682 1725 797 1780 alterius
811 1740 865 1780 uon
880 1725 968 1779 sulum
984 1740 1032 1795 per
1044 1727 1250 1798 generationem

110 1814 299 1885 corporalem,
321 1814 474 1870 sedetiam
501 1829 549 1885 per
574 1814 786 1870 instructionem
813 1823 841 1870 et
867 1814 1102 1887 gubernationem.
1129 1819 1164 1872 Et
1188 1817 1250 1874 ideo

110 1905 184 1962 sient
201 1905 308 1976 primus
326 1905 408 1961 homo
426 1904 570 1960 institutus
587 1913 630 1960 est
649 1904 769 1960 instato
792 1903 911 1976 perlecto
929 1914 1062 1975 quantum
1082 1906 1116 1962 ad
1134 1922 1249 1978 eorpus,

111 2004 142 2050 ut
166 1995 259 2050 statim
286 2004 379 2066 posset
402 2009 549 2067 generare,
579 1996 621 2050 itu
644 1996 727 2049 etiam
749 1996 893 2049 institutus
919 2000 957 2049 eat
981 1995 1013 2049 in
1034 2001 1107 2050 statu
1129 1998 1248 2066 perfecto

11 2085 16 2092 ’
110 2089 243 2155 qnantum
259 2085 296 2139 ad
312 2086 449 2150 unimam,
467 2091 498 2140 ut
517 2086 612 2140 atatim
627 2092 715 2155 posset
734 2085 802 2140 alios
820 2085 955 2140 instruere
971 2091 997 2140 et
1013 2085 1172 2156 gubernare.
1190 2089 1252 2146 Non

111 2184 315 2246 potestantem
336 2176 438 2247 aliquis
461 2175 601 2232 instruere
622 2175 676 2232 nisi
703 2176 802 2232 habeat
826 2175 981 2237 seientiam,
1007 2185 1035 2232 et
1058 2176 1120 2234 ideo
1144 2179 1251 2250 primns

112 2266 193 2323 homo
209 2266 251 2323 sic
269 2266 415 2323 institutus
435 2277 477 2323 est
495 2266 511 2322 a
530 2267 600 2335 lieo,
615 2275 646 2324 ut
663 2267 776 2324 haberet
792 2266 914 2324 omnium
931 2266 1087 2333 scientiam,
1103 2267 1131 2323 in
1149 2269 1252 2341 quibus

111 2357 192 2414 homo
211 2367 292 2413 natus
311 2366 354 2415 est
371 2357 484 2414 instrui.
498 2377 511 2410 n

146 2446 175 2502 si
192 2448 274 2505 horno
290 2448 306 2504 ‘a
323 2448 373 2504 liei
394 2449 531 2505 mandatis
549 2464 604 2505 non
621 2447 781 2515 deiecisset,
796 2447 875 2520 sique
888 2447 917 2502 in
931 2446 1062 2519 primaeva
1079 2447 1251 2516 innocentia,

110 2538 137 2593 in
156 2554 209 2609 qua
227 2539 395 2595 constitutus
415 2538 517 2606 luerat,
538 2538 604 2594 felix
624 2539 805 2610 perstitisset,
826 2538 937 2611 religio,
958 2553 1068 2609 semper
1089 2538 1253 2598 intemerata

111 2644 288 2698 permanens,
305 2645 321 2684 a
340 2629 464 2700 patribus
484 2628 517 2684 ad
538 2628 623 2696 lilios,
646 2629 724 2684 nulla
744 2628 805 2683 ialsi
827 2627 995 2683 admixtione
1017 2627 1132 2694 ioedata,
1155 2644 1254 2699 perve-

111 2718 209 2782 nisset,
229 2725 312 2786 atqne
332 2726 466 2772 aeternnm
485 2733 501 2772 e
517 2721 619 2774 mentis
639 2719 766 2774 humanae
785 2718 887 2774 finibus
907 2733 986 2773 error
1002 2717 1194 2774 exsulavisset.
1216 2718 1253 2777 At

112 2804 233 2860 hominis
246 2805 326 2875 culpa
343 2805 467 2861 ordinem
480 2804 495 2859 l
510 2806 564 2862 Deo
578 2807 706 2877 primitus
720 2808 879 2863 institutum
892 2807 1071 2863 vehementer
1084 2807 1251 2866 immutavit.

111 2894 193 2950 Pater
210 2895 334 2966 quidem,
357 2894 587 2967 quemadmodum
606 2905 682 2961 ante,
701 2896 738 2950 ita
755 2903 784 2952 et
801 2904 862 2967 post
880 2905 1021 2968 peceatum
1043 2896 1115 2954 lilios
1133 2897 1255 2958 instituit

111 3000 214 3056 eosque
244 2986 404 3059 religionem
429 2985 536 3051 edocet;
565 2985 614 3041 sed
639 3001 722 3056 quam
742 2984 846 3040 inieliei
877 2985 1052 3043 discrimine!
1083 2987 1191 3044 Etenim
1219 3006 1255 3048 ex

110 3075 241 3147 primaeuo
260 3076 388 3132 instituto
403 3083 495 3146 pater,
512 3075 598 3132 veluti
621 3077 727 3155 rivulus
749 3076 817 3133 lonti
839 3084 971 3149 perpetuo
992 3076 1146 3143 inhaerens,
1169 3087 1197 3135 et
1218 3095 1254 3136 ex

110 3181 143 3222 eo
164 3167 265 3222 undam
290 3182 400 3238 semper
418 3181 516 3238 puram
538 3166 664 3232 eliciens,
692 3165 758 3223 tiliis
785 3175 877 3222 notam
907 3166 1019 3223 iecisset
1039 3168 1184 3225 veritatem
1203 3170 1255 3227 lici

109 3255 367 3322 incontaminatam
384 3257 514 3329 deinceps
527 3273 591 3314 vero
607 3273 662 3314 non
678 3258 798 3330 amplius
810 3258 845 3314 ab
858 3258 960 3314 erroris
980 3258 1103 3330 periculo
1118 3259 1251 3315 immunis

111 3356 186 3403 extat
209 3356 321 3418 paterna
339 3346 497 3419 disciplina,
516 3355 599 3418 atque
624 3348 659 3402 ab
681 3347 735 3405 isto
758 3348 817 3404 rivo
838 3363 854 3402 a
880 3347 954 3403 tonte
978 3364 1029 3403 suo
1054 3347 1131 3403 velut
1152 3349 1250 3404 avulso

111 3453 180 3508 aqua
201 3437 343 3509 inquinata
361 3453 473 3494 manare
488 3445 586 3508 potest.
604 3437 677 3494 Dens
692 3447 796 3502 tamen,
819 3438 899 3508 cujus
925 3437 1122 3494 misericordiae
1138 3453 1192 3493 uon
1209 3448 1253 3496 est

110 3542 255 3594 numerus,
268 3543 355 3601 genus
369 3527 520 3583 humanum
535 3543 590 3584 non
609 3526 751 3583 deseruit:
769 3527 875 3583 curavit
890 3534 983 3582 antem
998 3535 1029 3582 ut
1043 3527 1140 3600 religio
1157 3543 1254 3600 sospes

111 3619 139 3674 in
157 3619 240 3674 terris
255 3619 344 3674 adhuc
361 3627 518 3674 versaretur
540 3627 567 3674 ct
585 3617 620 3673 ab
642 3617 748 3688 aliquot
764 3617 862 3673 saltem
883 3617 1042 3673 hominibus
1065 3626 1140 3673 recto
1160 3619 1253 3676 animo

110 3710 257 3765 coleretur.
273 3708 430 3764 Methodum
446 3708 530 3781 igitur
544 3724 628 3779 quam
643 3707 695 3763 viri
711 3706 792 3762 electi
809 3706 838 3762 in
852 3707 986 3762 servanda
1003 3706 1171 3779 colendaque
1184 3708 1250 3764 reli-

110 3800 191 3874 gione
205 3799 346 3856 iniverunt
362 3798 542 3870 inspiciamus
560 3805 678 3868 oportet.

146 3891 185 3945 Ea
196 3905 258 3961 qnae
274 3889 326 3943 hac
338 3887 372 3943 de
388 3904 419 3943 re
430 3887 546 3943 dicenda
562 3888 672 3944 suntin
691 3887 746 3944 dno
759 3886 816 3944 iere
833 3888 956 3944 membra
975 3887 1072 3960 partiri
1089 3902 1248 3959 possumus.

111 3979 200 4036 Priori
223 3979 347 4035 membro
368 3978 441 4033 viam
460 3994 514 4050 qua
536 3987 600 4034 ante
619 3977 750 4050 scriptam
772 3978 860 4054 legem
882 3979 978 4054 religio
1001 3979 1161 4035 tradebatur
1182 3994 1250 4035 con-

111 4067 264 4135 tuebimnr;
277 4067 423 4140 posteriori
434 4084 500 4126 vero
513 4067 655 4142 religionis
666 4077 768 4126 emtum
784 4078 908 4142 ternpore
920 4069 1102 4144 legislationis
1120 4069 1249 4126 mosaicae

145 4231 184 4296 (Ι)
203 4234 303 4282 Sammo
318 4233 389 4284 tlteol.
408 4249 433 4298 p.
451 4239 479 4290 l,
499 4249 523 4298 q.
543 4235 587 4292 94,
605 4249 627 4283 a.
647 4236 670 4282 9.
