3150 5160
220 338 280 398 128
406 353 551 396 HISTORIAE
576 352 821 396 rnorusranrtsrtt
844 349 975 394 ΜΕΤΗΟΒΙ
997 352 1194 397 Bnnvthnluu.

216 515 250 556 ac
276 499 381 555 stultus
409 514 453 565 es,
477 499 524 568 qui
550 513 658 554 summe
687 498 841 568 sapientem
866 497 1065 568 providumque
1089 499 1176 554 Deum
1200 503 1282 557 caecis
1304 503 1357 560 illis

216 588 391 646 ethnicarum
413 588 536 662 gentium
552 588 607 643 diis
629 587 676 658 qui
697 587 793 643 oculos
813 587 951 643 habebant
972 598 1000 644 et
1022 605 1076 644 non
1091 590 1220 646 videbant
1239 591 1357 650 similem

217 676 338 735 efficias?
350 676 386 733 At
399 677 432 732 de
452 679 534 732 rehus
552 677 657 747 apertis
674 693 709 733 ne
727 677 834 751 longior
847 688 976 734 excurrat
993 679 1080 736 oratio
1092 696 1098 735 :
1110 680 1169 737 haec
1181 684 1356 753 exposuisse,

218 768 354 825 refutasse
367 777 420 823 est.

255 860 358 915 ilerum
379 857 407 913 id
427 873 460 913 ex
482 859 618 913 hactenus
637 857 720 913 dictis
740 858 822 928 plane
839 857 994 915 conlectum
1014 869 1071 928 est,
1093 859 1160 919 adeo
1179 861 1277 918 lalsam
1296 879 1356 922 esse

218 948 438 1024 protestantismi
461 948 635 1015 methodum,
656 957 686 1003 nt
708 948 743 1003 ad
766 964 847 1003 usum
869 950 1069 1006 accommodari
1087 951 1130 1006 vel
1153 952 1354 1023 aliquantulum

218 1057 274 1099 non
292 1039 395 1112 possit,
410 1038 477 1110 quin
495 1055 559 1095 mox
578 1039 690 1110 penitus
707 1037 883 1111 extinguatur
902 1039 1013 1113 religio,
1027 1040 1154 1097 humanae
1166 1044 1270 1100 mentis
1284 1045 1355 1120 leges

218 1133 346 1189 occidant
363 1146 396 1186 ac
412 1129 472 1202 ipse
489 1130 561 1185 Dens
579 1129 694 1185 laedatur
711 1128 854 1186 etidcirco
874 1130 997 1186 tollatur.
1010 1130 1052 1188 hd
1069 1132 1122 1188 alia
1140 1148 1215 1188 nunc
1230 1149 1354 1206 propero

219 1239 283 1280 mus
295 1231 323 1279 et
335 1221 488 1294 pleniorem
500 1219 583 1276 istius
596 1219 720 1276 exitiosae
732 1219 855 1277 methodi
868 1220 1079 1293 explicationem
1092 1231 1281 1280 contueamur.

673 1671 813 1753 CAPUT
848 1671 906 1752 lt.

401 1941 607 1983 narlolthttsuds
626 1941 743 1983 alanicus
762 1943 778 1982 Ε
797 1941 1028 1983 PROTESTANTISHO
1047 1941 1185 1982 ontuutttJS.

258 2171 336 2228 Haud
359 2171 547 2243 infrequenter
564 2173 663 2230 accidit
679 2182 709 2228 ut
728 2181 915 2246 protestantes
932 2173 1069 2248 theologi,
1086 2174 1247 2231 revelationi
1266 2176 1351 2233 chris·

218 2260 300 2317 tianae
324 2259 524 2330 addictissimi,
549 2265 727 2319 vehomenter
754 2272 904 2335 querantur
928 2264 1002 2335 qnod
1031 2264 1352 2337 pseudo-reformationis

218 2352 366 2409 methodus
384 2362 514 2425 tanquam
532 2354 714 2410 rationalismi
729 2353 791 2411 lons
804 2362 832 2410 et
848 2354 1017 2425 principium
1032 2354 1244 2427 ascriptoribus
1263 2357 1352 2413 catho

217 2444 280 2501 licis
299 2445 402 2517 saepius
418 2446 589 2502 exhibeatur.
611 2446 668 2501 lmo
687 2460 738 2500 nec
758 2460 853 2501 omnes
870 2444 943 2500 inter
959 2460 990 2500 se
1008 2445 1037 2500 in
1056 2443 1109 2501 hoc
1124 2445 1274 2503 asserendo
1291 2463 1352 2504 con·

217 2535 341 2592 sentiunt
366 2535 413 2607 qui
437 2552 453 2590 a
478 2536 603 2608 partibus
632 2535 736 2592 nostris
761 2542 836 2591 stant
864 2534 986 2607 theologi
1012 2549 1020 2589 ε
1044 2548 1243 2606 nonnunquam
1268 2535 1299 2593 lit
1323 2544 1352 2591 ut
1390 2531 1393 2539 ⁴

217 2625 353 2682 mirentur
369 2627 495 2683 nonnulli
509 2627 576 2682 dum
590 2642 651 2682 eam
664 2625 885 2682 criminationem
898 2624 1029 2692 audiunt,
1042 2625 1087 2681 vel
1101 2626 1199 2682 saltem
1218 2628 1352 2684 nonsatis

216 2726 400 2788 assequantur
424 2733 479 2789 quo
504 2717 616 2773 demum
640 2717 704 2789 jure
728 2715 935 2772 rationalismus
960 2730 977 2771 e
998 2716 1217 2789 protestantismi
1242 2719 1352 2775 latehris

216 2815 315 2878 sponte
333 2821 365 2863 ac
383 2806 487 2863 directe
504 2807 639 2864 oriundos
660 2815 806 2863 statuatur.

253 2895 309 2951 Res
322 2904 415 2951 tamen
432 2913 487 2953 non
504 2897 572 2953 adeo
590 2913 705 2970 operosa
722 2897 896 2969 lmplicatave
912 2896 981 2953 mihi
993 2896 1115 2965 videtur,
1130 2906 1161 2954 ut
1177 2899 1265 2957 multo
1284 2914 1351 2972 opus

217 2982 255 3039 sit
271 2985 413 3041 molimine
429 2986 464 3042 ad
482 3003 543 3042 earn
563 2987 765 3044 illustrandam.
784 2986 856 3055 Quid
875 2984 978 3059 igitur?
999 2987 1059 3043 Duo
1075 2995 1140 3042 sunt
1161 2987 1275 3045 omnino
1296 2988 1352 3046 dis·

216 3073 384 3147 tinguendo,
410 3077 518 3146 quaesi
544 3078 629 3149 probe
653 3085 817 3144 teneantur,
842 3076 920 3132 hrevi
948 3077 1075 3148 expedita
1101 3076 1202 3134 existet
1227 3079 1351 3149 quaestio.

216 3161 300 3219 luitio
321 3173 396 3220 certe
416 3165 556 3222 Lutherus
574 3167 690 3239 ejusque
709 3182 856 3238 sequaces,
871 3182 955 3239 super
970 3176 1043 3224 tecta
1065 3165 1238 3238 praedicando
1255 3183 1352 3240 quem-

217 3271 271 3326 que
288 3255 341 3312 sihi
358 3256 387 3311 in
400 3257 543 3331 religionis
556 3258 665 3331 negotio
682 3256 899 3330 permittendum
914 3273 990 3323 esse,
1007 3272 1180 3328 nequaquam
1196 3258 1352 3315 rationalis·

215 3359 293 3400 mum
312 3345 451 3402 adsiscere
468 3347 631 3415 voluerunt;
649 3347 785 3405 imovero
804 3357 912 3405 tantum
930 3347 1009 3404 abest
1030 3355 1063 3402 ut
1085 3347 1269 3404 rationalismi
1291 3348 1352 3404 laha

215 3433 309 3491 loedati
321 3435 438 3502 luerint,
452 3446 590 3494 utcontra
603 3439 866 3510 supernaturalistas
881 3436 1051 3495 exclusorios
1063 3445 1111 3493 aut
1123 3437 1206 3492 etiam
1220 3435 1352 3494 fanaticos

213 3523 288 3581 hand
307 3525 446 3584 immerito
463 3543 512 3584 eos
528 3527 642 3584 dixeris.
661 3529 763 3586 Notum
782 3529 884 3601 quippe
900 3535 943 3584 est
960 3526 1082 3583 Lnthero
1099 3527 1193 3599 judice
1210 3527 1351 3584 hominem

213 3616 295 3686 plane
308 3617 449 3688 passivum
462 3633 525 3675 esse
538 3618 567 3674 in
581 3618 679 3674 salutis
692 3619 814 3693 negotio,
825 3618 897 3690 quod
908 3618 943 3674 ah
956 3633 1011 3675 uno
1024 3617 1080 3674 Deo
1093 3625 1182 3674 totum
1196 3617 1350 3689 perficitur,

213 3701 252 3760 ita
265 3715 296 3761 ut
308 3706 427 3780 Spiritus
440 3718 553 3766 sanctus
566 3709 717 3780 quemlibet
728 3708 846 3766 interius
858 3709 1009 3775 illuminet,
1023 3723 1076 3764 nee
1095 3724 1165 3780 opus
1181 3707 1219 3764 sit
1235 3723 1300 3764 eum
1317 3706 1351 3764 ah

213 3806 326 3853 externo
340 3800 499 3874 magisterio
513 3800 570 3856 ulla
583 3800 690 3857 ratione
702 3799 810 3857 edoceri
822 3815 829 3854 :
841 3800 929 3856 cuivis
942 3798 1094 3855 christiano
1107 3797 1227 3870 Spiritus
1238 3806 1351 3855 sanctus

213 3886 292 3959 ipse,
314 3891 390 3946 nullo
412 3900 512 3963 praeter
533 3890 703 3965 Scriptorum
727 3891 891 3963 interposito
916 3889 1025 3957 medio,
1048 3889 1179 3963 magister
1200 3904 1233 3945 ac
1255 3889 1351 3946 doctor

212 3978 341 4035 hahetur.
366 3980 437 4036 ilinc
461 3983 569 4038 eruitur
593 3999 648 4055 quo
677 3997 762 4038 sensu
790 3979 1114 4054 pseudo-reiormationis
1143 3978 1242 4035 artilex
1268 3995 1350 4036 suum

211 4068 380 4143 principium
404 4071 578 4147 intelligeret.
600 4073 698 4130 Aiebat
722 4086 823 4143 nempe
845 4071 906 4127 ideo
931 4069 1036 4126 nemini
1059 4084 1128 4140 opus
1150 4085 1213 4126 esse
1236 4076 1349 4125 externa

210 4161 386 4228 auctoritato,
401 4163 474 4233 quod
487 4164 629 4220 internum
643 4163 764 4236 Spiritus
781 4163 868 4219 sancti
882 4160 1072 4219 testimoninm
1088 4161 1188 4232 cuique
1204 4161 1348 4233 proprium

210 4252 278 4308 satis
301 4267 441 4326 superque
462 4252 610 4310 sufficeret.
636 4255 700 4310 lnde
725 4253 861 4326 perspicis
880 4268 914 4308 ex
938 4259 1031 4311 mente
1052 4251 1167 4308 Lutheri
1189 4251 1310 4309 multum
1332 4267 1347 4307 a
