3166 5168
346 348 406 408 tao
571 359 711 404 accursu
733 357 865 404 rorunos
887 359 996 402 esunrr
1018 357 1056 402 nc
1077 357 1267 403 uonnsnrun.

342 506 459 566 arbitrio
487 505 557 562 inito
578 504 707 577 quodque
733 520 783 576 pro
805 502 886 560 libitu
913 505 1010 561 tollere
1031 511 1153 574 queant,
1175 504 1250 559 illam
1274 519 1339 560 vero
1366 505 1496 562 hominis

342 608 448 656 naturae
461 597 576 653 minime
594 605 810 653 consentaneam
825 611 902 662 esse,
928 605 958 652 at
979 596 1071 652 eidem
1095 595 1189 667 potius
1211 611 1375 670 repugnare.

378 687 415 746 lt
433 703 499 745 vero
525 687 608 744 nimis
627 696 762 743 anaturae
780 687 888 760 legibus
901 702 1043 758 sensuque
1060 686 1206 742 hominum
1221 687 1362 743 communi
1386 686 1496 742 abhor-

342 790 406 837 rent
423 795 455 835 ea
477 778 599 834 methodi
612 776 816 850 protestantice
834 776 1018 842 consectaria,
1032 791 1115 847 quam
1135 785 1166 832 ut
1186 777 1214 831 in
1240 792 1322 833 usum
1341 776 1446 833 adduci
1464 778 1495 833 in

343 871 505 928 universum
522 868 672 940 potuerint.
692 867 846 935 Quamdam
866 865 950 938 igitur
966 866 995 921 in
1008 865 1143 940 religione
1156 865 1317 922 societatem
1341 876 1493 923 externam

342 975 488 1018 servavere
504 967 705 1030 protestantes3
721 955 785 1022 sed,
808 965 840 1011 ut
858 953 917 1011 lieri
940 956 1096 1028 oportebat,
1117 972 1257 1024 mancam,
1272 956 1421 1023 mutilam,
1437 957 1494 1013 sibi

344 1067 399 1107 111
412 1050 610 1115 cohaerentem,
623 1048 696 1103 firmi
708 1063 741 1104 ac
750 1046 820 1103 certi
834 1046 982 1120 organismi
993 1048 1106 1119 penitus
1120 1055 1263 1118 expertem
1278 1046 1412 1118 nihilque
1426 1063 1493 1103 eum

343 1140 471 1197 instituto
486 1139 580 1195 divino
594 1137 787 1195 similitudinis
799 1153 856 1208 prae
868 1153 899 1192 sc
912 1137 1064 1194 serentem:
1079 1137 1211 1209 quoniam
1224 1137 1303 1193 abest
1315 1137 1360 1194 vis
1380 1153 1416 1194 ac
1431 1139 1499 1194 vita*

343 1230 451 1294 divina,
463 1229 554 1287 omnia
565 1238 679 1295 nutant,
691 1228 791 1283 indies
804 1226 892 1301 magis
905 1242 937 1282 ae
951 1227 1038 1299 magis
1048 1227 1257 1293 disturbantur,
1274 1227 1489 1293 distrahuntur,

343 1336 376 1377 ca
388 1321 500 1393 quidem
511 1320 671 1386 rationem,
686 1318 741 1374 nisi
754 1317 937 1373 meridianam
950 1318 1041 1373 lucem
1061 1333 1175 1373 eernere
1189 1332 1322 1384 recuses,
1336 1318 1395 1388 jam
1412 1318 1490 1374 sacili

343 1411 454 1485 negotio
473 1410 501 1465 in
512 1412 670 1466 societatum
680 1409 891 1482 protestantium
907 1407 1000 1464 lronte
1012 1408 1183 1480 insculptum
1202 1407 1377 1483 signaculum
1396 1410 1492 1465 rebel-

347 1500 431 1559 lionis
444 1500 578 1558 adversus
588 1503 714 1558 ordinem
730 1500 856 1558 divinum
866 1500 1028 1571 conspicere
1049 1500 1151 1571 possis.

382 1589 460 1659 Quod
471 1590 495 1646 si
508 1606 583 1647 nunc
599 1608 659 1648 eam
672 1608 755 1663 quam
768 1593 863 1663 paucis
879 1592 1014 1647 hactenus
1032 1591 1235 1648 delineavimus
1249 1590 1438 1648 catholicismi
1461 1600 1496 1648 et·

346 1682 563 1752 protestantismi
579 1683 755 1740 collationem
772 1683 1005 1748 consideraveris,
1020 1681 1151 1754 aquibus
1167 1681 1293 1753 partibus
1306 1691 1379 1750 stet,
1401 1682 1489 1754 siqui

346 1772 398 1839 sit,
412 1772 649 1841 christianismus,
666 1790 746 1839 mon,
761 1774 790 1829 ni
807 1772 905 1839 fallor,
924 1772 1110 1845 perspexeris.

884 2025 942 2098 qa.

624 2317 657 2356 hh
680 2315 803 2358 sectetis
828 2315 917 2357 suntet:
945 2313 1208 2357 conrnovunsmntht.

352 2628 357 2636 ,
383 2552 535 2611 Ecclesiam
546 2553 668 2610 vidimus
681 2553 755 2610 tilios
766 2552 925 2629 gignentem
939 2568 1041 2625 eosque
1057 2552 1179 2626 placidos
1192 2568 1224 2609 ac
1237 2551 1348 2626 quietos
1361 2556 1494 2612 nntrien-

347 2653 441 2703 temet
453 2654 610 2719 regentem;
620 2645 674 2700 alio
686 2645 831 2717 deinceps,
847 2660 1038 2716 quamquama
1051 2644 1137 2717 priori
1148 2659 1204 2700 non
1218 2644 1330 2716 penitus
1346 2644 1494 2716 sejuncto,

345 2743 474 2808 respectu
486 2736 582 2792 eadem
596 2735 794 2792 considerando
806 2735 891 2792 venit.
907 2735 978 2803 Quid
991 2732 1083 2790 enim?
1096 2733 1232 2801 Quoniam
1246 2733 1412 2790 hominibus
1428 2751 1496 2792 cou-

346 2835 401 2882 stat
410 2825 560 2882 christiana
571 2825 706 2893 societas,
720 2825 854 2898 plurimas
863 2825 898 2882 ob
911 2841 1007 2881 causas
1020 2825 1081 2881 lieri
1091 2833 1183 2897 potest
1196 2834 1242 2891 ut,
1253 2834 1403 2897 postquam
1418 2827 1496 2884 docti

346 2913 403 2989 jam
423 2925 504 2983 sunt,
530 2916 564 2972 de
588 2915 755 2988 quibusdam
779 2915 938 2973 christianae
958 2915 1090 2973 doctrinae
1115 2915 1253 2987 capitibus
1274 2916 1498 2988 disceptationes

345 3014 488 3079 moveant,
502 3024 563 3078 quae
579 3022 664 3079 saepe,
679 3006 734 3062 nisi
753 3007 847 3062 statim
865 3006 1025 3071 finirentur,
1042 3005 1161 3061 multum
1177 3006 1337 3063 detrimenti
1361 3009 1496 3082 religioni

346 3110 379 3151 ac
393 3093 520 3151 fidelibus
535 3094 678 3169 afferrent..
694 3096 784 3167 Atque
798 3097 827 3152 id
840 3097 936 3152 crebro
950 3095 1088 3151 accidisse
1101 3095 1177 3151 novit
1190 3094 1237 3168 qui
1248 3095 1412 3153 christianae
1429 3100 1498 3156 reli·

345 3185 438 3261 gionis
451 3184 506 3240 iata
521 3201 576 3241 non
590 3201 706 3257 prorsus
719 3185 836 3259 ignorat.
849 3184 956 3256 Saepius
969 3184 1072 3257 quippe
1082 3184 1159 3242 lucre
1169 3186 1296 3242 homines
1307 3187 1354 3256 qni
1366 3189 1497 3258 quaedam

346 3268 448 3326 divinae
467 3268 644 3325 revelationis
666 3269 776 3325 decreta
795 3269 951 3341 respuenda
964 3270 1102 3337 dicerent,
1115 3278 1163 3325 aut
1183 3269 1211 3324 in
1232 3268 1349 3325 dubium
1368 3270 1498 3326 vocanda

346 3369 395 3418 aut
408 3361 517 3418 diversa
536 3362 643 3418 ratione
657 3359 850 3434 intelligenda;
862 3368 889 3415 et
903 3376 985 3431 porro
1000 3359 1101 3415 similia
1115 3359 1213 3429 quavis
1227 3368 1309 3415 aetate
1322 3371 1495 3429 occurrunt,

346 3463 443 3526 atque,
469 3461 591 3525 spectata
620 3450 743 3509 hominis
771 3459 883 3516 natura,
904 3450 965 3506 lieri
988 3449 1085 3520 nequit
1108 3457 1139 3504 ut
1158 3465 1203 3505 res
1222 3449 1303 3504 aliter
1327 3465 1359 3507 se
1380 3451 1495 3508 haheat.

347 3542 604 3600 verumenimvero
625 3543 767 3614 quamvis,
787 3542 1023 3599 intercedentibus
1047 3538 1148 3595 divinis
1171 3556 1187 3595 a
1205 3539 1316 3597 Christo
1332 3557 1383 3612 per
1396 3543 1497 3600 Eccle-

347 3632 418 3688 siam
440 3633 548 3689 collatis
564 3632 710 3699 remediis,
729 3633 905 3688 restituimur
917 3646 949 3686 ae
968 3631 1174 3696 instauramur,
1190 3639 1315 3686 remanet
1327 3639 1426 3688 tamen
1441 3649 1496 3689 una

346 3737 412 3779 eum
425 3723 554 3780 libertate
570 3723 662 3794 aliqua
685 3732 745 3778 tum
772 3723 929 3786 intellectus
950 3731 1010 3778 tum
1035 3721 1186 3779 voluntatis
1205 3720 1383 3777 imbecillitas
1401 3739 1459 3795 qua
1479 3739 1495 3778 a

349 3819 425 3868 recto
439 3814 548 3870 tramite
560 3812 751 3869 deflectamus.

386 3899 465 3967 Quod
486 3903 510 3957 si
532 3918 596 3976 ergo
619 3902 756 3975 ejusmodi
778 3903 918 3978 graviores
940 3905 1043 3960 obortae
1064 3899 1168 3958 luerint
1189 3902 1402 3970 controversiae,
1429 3904 1498 3975 quid

348 4001 416 4050 tuuc
434 3989 607 4049 iaciendum?
627 3995 686 4063 Quo
707 4003 787 4066 pacto
806 4009 846 4050 eae
866 3991 1062 4065 componendae
1079 4005 1111 4046 ac
1129 3989 1291 4047 dirimendae
1314 3989 1401 4048 sunt?
1424 3994 1498 4050 Res-

348 4099 468 4158 ponsum
485 4083 643 4156 expeditum
661 4085 780 4142 hahetur
795 4100 828 4141 11
843 4083 878 4142 iis
894 4099 956 4156 quas
974 4083 1112 4153 hactenus¹
1128 4080 1202 4138 circa
1220 4081 1372 4153 Ecclesiam
1387 4082 1500 4140 consti·

347 4173 463 4243 animus.
477 4172 633 4243 Auctoritas
645 4173 753 4242 scilicet
765 4174 826 4240 illa,
837 4189 920 4248 quam
932 4170 1185 4246 comprobavimus,
1194 4187 1298 4245 puram
1309 4187 1343 4228 ac
1355 4171 1500 4249 integram

348 4263 452 4322 Christi
475 4263 672 4322 revelationem
694 4263 724 4323 in
747 4281 777 4323 se
799 4273 904 4340 gestat,
922 4273 1005 4337 atquc
1026 4261 1232 4322 inlallibihtatis
1252 4262 1324 4320 dono
1347 4263 1499 4336 praeditam
