3166 5168
274 381 312 425 ns
327 377 476 425 uouctms
491 378 595 425 russeo
611 377 677 422 nvo
695 376 726 422 ru
740 376 881 421 nccunsm
895 375 1012 420 nunnus
1174 362 1214 421 99

74 513 188 585 arariam
201 524 321 585 Nestorii
334 525 489 583 doctrinam
506 524 682 581 anathemate
697 522 876 594 perculerunt
891 519 949 596 ll).
962 521 1030 578 ltem
1048 520 1076 576 in
1092 519 1218 580 Concilio

74 617 221 675 recitatum
242 626 286 674 est
305 615 449 673 Nicaenum
470 614 640 689 symbolum,
660 621 745 686 atque
767 613 891 670 damnati
909 611 1079 685 quicumque
1098 627 1162 669 cum
1183 629 1217 672 ea

75 722 133 764 non
151 705 342 764 consentirent
355 702 418 779 (Ι).

106 796 184 853 ilaue
195 804 289 853 autom
302 795 398 853 Patres
408 794 502 850 ierunt
512 791 679 850 sententiam
691 792 720 849 in
733 792 842 867 eosqui
857 791 942 865 impia
955 791 1075 849 Nestorii
1090 792 1217 866 dogmata

76 886 209 960 deinceps
226 894 368 944 sectentur
388 900 395 941 :
417 904 431 937 u
445 883 473 940 si
492 883 540 955 qui
561 882 666 940 inventi
689 881 806 950 luerint,
823 883 870 940 uel
889 881 1028 954 episcopi,
1046 883 1091 939 rel
1109 883 1217 951 clerici,

76 977 121 1033 vel
143 976 221 1045 laici,
244 976 304 1034 siue
328 975 448 1042 sentiro,
471 973 531 1030 sive
552 974 652 1032 docere
737 975 871 1031 scelerata
893 981 921 1030 et
942 987 1072 1046 peruersa
1093 972 1218 1031 Nestorii

76 1067 206 1141 dogmata
223 1101 282 1135 ...‚
296 1066 458 1138 subiaceant
476 1064 621 1122 sententiae
639 1073 742 1122 sanctae
760 1065 845 1137 hujus
863 1072 892 1120 et
909 1062 1076 1120 uniuersalis
1094 1063 1216 1138 synodi:

78 1167 111 1215 ut
121 1157 253 1217 uidelicet
263 1157 412 1230 episcopus
423 1154 535 1228 attidem
547 1163 722 1212 remoueatur
734 1153 769 1210 ah
782 1154 957 1226 episcopatu,
970 1161 999 1210 et
1010 1153 1048 1210 sit
1060 1153 1218 1227 depositum

79 1247 199 1305 clericus
212 1263 280 1304 uero
295 1246 426 1304 similiter
441 1244 577 1303 excidata
590 1244 721 1302 clericatu
735 1261 743 1300 :
756 1244 781 1301 si
793 1259 863 1300 vcro.
876 1243 964 1300 laicus
976 1243 1039 1316 quis
1050 1243 1103 1312 sit,
1117 1253 1146 1301 et
1157 1244 1221 1318 ipse

79 1337 340 1404 anathematizetur,
354 1336 427 1394 sicut
439 1336 568 1409 superius
581 1336 687 1394 dictum
705 1344 750 1393 est
764 1333 850 1410 (5).»
863 1333 917 1403 Qui
935 1335 1021 1409 igitur
1035 1344 1101 1392 ante
1115 1333 1220 1393 Christi

80 1426 202 1485 ministri
216 1427 402 1494 habebantur,
419 1441 536 1483 munere
548 1425 602 1482 sihi
615 1427 774 1484 concredito
790 1442 845 1483 non
859 1425 980 1499 amplius
996 1426 1074 1501 iungi
1086 1436 1220 1499 possunt,

79 1517 210 1591 quoniam
227 1517 262 1574 ah
277 1517 367 1590 ipsius
384 1516 494 1574 Domini
507 1515 562 1573 lide
577 1530 610 1572 ac
626 1516 760 1590 religione
774 1515 955 1573 deiecerunt:
969 1515 1220 1588 laicosreroquod

79 1607 191 1672 attinet,
210 1606 264 1679 ipsi
283 1606 379 1663 itidem
397 1621 414 1662 a
430 1606 646 1664 christianorum
664 1606 804 1665 consortio
822 1606 982 1680 ejiciuntur.
1000 1606 1101 1664 Procm
1118 1605 1221 1673 dnbio,

78 1706 128 1753 ant
141 1712 192 1770 ego
208 1696 278 1754 nihil
291 1696 388 1764 video,
401 1706 449 1753 aut
462 1713 493 1754 ea
509 1697 683 1755 auctoritatis
700 1698 861 1755 methodum
878 1697 1000 1769 perhelle
1015 1696 1219 1754 commendant.

111 1786 208 1845 Restat
217 1795 250 1844 ut
262 1787 366 1860 quaead
378 1786 631 1846 chalcedonensem
641 1789 777 1862 synodum
792 1796 918 1861 spectant
928 1786 1021 1844 statim
1033 1787 1221 1843 enucleemus.

79 1877 132 1936 llic
157 1887 254 1935 antem
281 1878 437 1936 luculenter
462 1879 545 1935 etiam
566 1887 681 1952 apparet
704 1888 845 1951 tamquam
870 1878 930 1935 sola
958 1877 1032 1934 iuter
1053 1874 1223 1933 christianos

79 1976 148 2025 tuuc
162 1967 295 2041 temporis
311 1977 375 2025 nota
392 1968 549 2027 traditionis
561 1978 644 2042 atque
660 1969 834 2026 auctoritatis
846 1968 900 2025 via.
917 1968 953 2025 lit
963 1983 1029 2026 uero
1042 1983 1097 2023 nou
1113 1973 1222 2023 tantum

79 2074 114 2116 ex
135 2059 270 2132 peculiari
291 2058 355 2115 fidei
375 2059 487 2118 decreto
508 2075 564 2132 quo
585 2059 747 2133 Eutychetis
765 2066 922 2116 commenta
943 2057 1103 2125 damnauit,
1123 2071 1222 2114 uerum

80 2151 165 2208 etiam
180 2149 325 2207 etmultis
338 2148 477 2223 aliisque
493 2149 522 2206 in
538 2144 592 2208 hoc
607 2149 729 2208 Concilio
741 2158 802 2205 acta
819 2149 897 2205 luere
915 2147 944 2204 in
959 2153 1090 2221 promptu
1109 2145 1223 2220 ponitur

80 2239 239 2298 traditionis
255 2239 413 2298 methodus.
431 2239 576 2313 Paulisper
593 2255 653 2297 rem
670 2239 798 2297 cominus
814 2238 984 2296 intueamur.

83 2372 86 2380 .
121 2332 240 2390 datione
257 2331 282 2389 ll
300 2331 422 2404 primum
440 2329 551 2403 quidem
570 2329 685 2388 recitata
704 2339 771 2387 sunt
789 2329 914 2403 symhola
934 2328 1104 2403 synodorum
1125 2326 1224 2385 Nicaeae

85 2431 114 2479 ct
131 2420 399 2494 constantinopolis,
417 2421 485 2479 item
497 2420 560 2478 duae
575 2421 701 2494 epistolae
716 2421 744 2479 S.
762 2420 857 2496 Gyrilli
872 2420 909 2478 ad
926 2420 1101 2488 Nestorium,
1116 2418 1223 2492 quaein

80 2511 225 2585 Ephesina
241 2514 347 2588 synodo
369 2513 491 2585 probata
511 2512 630 2571 fueraut.
651 2513 707 2570 Eas
723 2521 816 2568 autem
838 2509 903 2568 fidei
924 2509 1110 2582 expositiones
1126 2521 1225 2564 omnes

84 2614 226 2677 tamquam
246 2605 390 2662 catholicae
410 2603 536 2661 ueritatis
556 2603 689 2661 vexillum
707 2610 783 2659 ratas
803 2600 1048 2667 hahuerePatreu,
1065 2608 1149 2671 atque
1168 2611 1225 2654 uno

85 2709 135 2750 ore
146 2694 303 2750 clamarunt
313 2693 387 2748 hane
401 2707 464 2749 esse
474 2693 600 2750 omnium
612 2692 793 2750 ecclesiarum
805 2689 969 2749 doctrinam.
981 2689 1013 2746 lu
1025 2690 1100 2745 hunc
1111 2687 1225 2745 modurn

85 2796 118 2838 se
134 2781 276 2837 Nicaanum
295 2781 451 2854 symbolum
470 2795 534 2837 mox
552 2781 699 2839 recitatum
717 2781 860 2853 suscipere
878 2779 1051 2836 edixerunt:
1070 2778 1162 2834 «flac
1178 2792 1226 2835 oa·

86 2869 253 2927 tholicorum
271 2870 359 2928 fides:
373 2870 438 2926 huic
454 2886 546 2928 omues
564 2872 698 2928 molimur
710 2889 720 2927 .·
731 2872 763 2926 tu
778 2872 832 2927 huc
850 2868 985 2941 huptirutt‘
999 2882 1094 2924 samur
1105 2887 1114 2924 .·
1127 2867 1159 2922 iu
1174 2862 1226 2923 itae

86 2963 258 3034 baptizamur
270 2981 280 3018 .·
294 2963 398 3019 Beatus
410 2961 533 3037 cyrillus
544 2962 586 3020 sic
598 2961 694 3021 docuit
706 2979 714 3019 ι
728 2963 788 3020 haec
800 2977 865 3019 vera
877 2961 947 3019 lldes
962 2976 969 3017 :
985 2960 1045 3017 haec
1057 2957 1225 3031 sempiterna

85 3053 156 3112 tides
169 3069 176 3110 :
191 3053 221 3110 in
233 3054 286 3113 hac
300 3053 431 3126 haptiuatl
443 3067 543 3111 sumus
558 3069 565 3110 :
580 3053 609 3110 in
623 3054 675 3110 hac
690 3052 880 3125 baptizamus:
896 3066 992 3110 omnes
1009 3049 1047 3108 itu
1062 3048 1223 3106 credimus:

86 3147 160 3218 Papa
182 3145 239 3204 heo
260 3147 303 3204 sic
321 3146 411 3203 credit
426 3161 435 3203 ι
449 3143 569 3219 Gyrillus
589 3145 629 3202 ita
647 3144 766 3203 credidit
782 3161 790 3201 :
807 3146 882 3218 Papa
900 3143 955 3201 Leo
971 3142 1010 3200 itu
1026 3141 1225 3213 interpretatus

87 3244 132 3296 est
149 3233 236 3311 (4).»
254 3236 404 3311 Perspicua
420 3235 467 3293 hic
482 3236 628 3293 enuntiant
644 3237 743 3294 Patres
761 3235 881 3293 indolem
898 3232 1042 3308 religionis
1057 3231 1226 3290 traditione·

119 3391 164 3458 (l)
177 3391 215 3444 Gi.
233 3391 313 3444 Lahh.
330 3398 350 3444 t.
367 3391 416 3454 ΙΙΙ,
434 3389 483 3444 col.
501 3393 639 3452 sto-naa,
650 3388 697 3442 uhi
715 3390 794 3442 refert
808 3389 948 3457 Epistulam
964 3388 994 3439 S.
1010 3384 1117 3453 Cyrilll3
1136 3391 1162 3436 et
1177 3383 1226 3433 col.

86 3476 224 3536 tot-502,
240 3473 285 3526 uhi
298 3472 427 3525 hahentur
443 3470 616 3526 testimonium
628 3487 657 3523 ac
674 3469 800 3540 judicium
819 3469 1009 3539 episcoporum,
1026 3464 1118 3536 Gyrilli
1136 3464 1228 3519 litteris

87 3553 313 3607 subscribentium.

120 3636 163 3704 (2)
175 3642 229 3688 Act.
244 3640 286 3697 Vl,
301 3639 361 3687 ibid.
373 3637 421 3688 col.
435 3641 492 3688 672.

121 3718 172 3787 (3)
184 3735 199 3769 u
211 3717 248 3773 Ei
259 3720 395 3787 φωραῧιιιν
410 3734 485 3779 τινες,
505 3719 551 3771 airu
569 3718 714 3781 intrueret,
736 3717 783 3770 sira
800 3721 929 3786 altprect,
948 3729 1091 3784 φρονουντες
1109 3710 1125 3764 ἡ
1141 3703 1229 3761 διδασ-

87 3816 185 3858 κοντις.
196 3830 219 3850 .·
230 3815 264 3850 τα
286 3815 365 3869 propa
382 3815 426 3850 και
440 3793 624 3870 διιστραμμινα
643 3799 781 3870 Nsoroptoo
800 3793 978 3869 deopertam„
991 3796 1181 3847 ὑποκιισᾶωσαν
1196 3813 1230 3861 τῃ

88 3879 215 3952 decocunt
224 3900 270 3941 της
281 3881 356 3952 aptae
369 3901 462 3942 ταυτης
474 3899 520 3934 και
542 3883 713 3952 οἱκουμινικης
731 3875 837 3934 corchon
848 3899 911 3933 uera
927 3873 1096 3936 holocautum
1109 3897 1152 3946 μιν
1164 3879 1231 3929 lutc-

87 3981 167 4017 aouov
186 3964 382 4036 ἀλλοτριουσὲαι
401 3985 446 4026 της
467 3966 615 4030 ἔπισκοπης,
635 3981 680 4015 και
703 3981 763 4017 srvat
786 3969 971 4034 acdupupsoao,
995 3981 1038 4014 τον
1063 3953 1091 4013 δι
1113 3965 1230 4030 cloptuna

88 4045 184 4114 ὁμοιως
196 4049 319 4100 ἐκπιπτειν
336 4067 380 4102 του
395 4054 498 4119 alapae.
514 4047 551 4104 Ei
566 4040 594 4099 ds
613 4050 701 4108 λαῖκος
718 4063 754 4108 τις
772 4047 823 4110 aia,
845 4044 975 4098 aurchact
993 4043 1231 4112 &naupactum-

89 4147 149 4181 σαν.
159 4162 167 4178 ·
176 4133 278 4184 albu.
290 4132 339 4184 col·
353 4135 412 4184 689·

122 4213 168 4279 (Ι)
190 4213 294 4271 «Αὕτη
316 4213 333 4270 a‘t
354 4229 434 4272 πιστις
458 4231 507 4265 των
528 4204 684 4281 ὀρῦοδοξων·
705 4229 784 4282 ταυτῃ
805 4229 895 4273 παντες
913 4227 1076 4278 πιστωομκν·
1100 4208 1124 4261 ir
1152 4223 1231 4272 ταυτῃ

90 4292 284 4364 ἐῧαπτισδημεν.
298 4295 347 4353 Ἐν
366 4313 446 4362 ταυτῃ
461 4293 627 4364 ὅαπτιζομεν,
640 4313 667 4346 a.
679 4314 702 4346 r.
715 4301 739 4345 l.
756 4298 845 4351 albiti.
859 4305 878 4350 t.
893 4297 925 4348 lV
935 4335 943 4359 ,
954 4294 1002 4346 cul.
1011 4296 1070 4344 ΙΙΙ.
