3150 5160
215 337 274 418 166
370 351 483 396 ancon.
506 352 664 396 sanentur.
686 350 897 395 courtnuarun
919 351 1006 396 carn.
1028 351 1198 398 nannenus.

211 497 328 572 gratiam
350 495 478 553 Christus
501 497 529 553 in
553 497 730 554 boemundo
754 497 895 570 apparuit,
919 498 967 554 sed
991 505 1078 553 totum
1101 499 1247 556 hominum
1270 516 1353 574 genus

212 588 367 644 instaurare
386 588 516 644 decrevit.
531 587 714 655 Quamobrem
733 589 776 643 vel
799 605 863 644 enm
878 588 1060 645 rationalistis
1086 589 1245 661 repellenda
1263 606 1353 661 auper-

211 677 479 735 oatorolis.Christi
505 677 650 742 revelatio,
676 677 720 734 vel
745 678 779 734 ad
805 694 866 734 eam
893 679 1125 747 conservandam,
1152 679 1303 736 docendam
1329 690 1355 737 et

212 767 446 841 interpretandam
460 766 592 822 divinitus
607 767 784 823 constitutam
800 784 862 825 esse
875 768 909 824 ab
922 768 1019 824 eodem
1038 768 1231 826 anctoritatem
1246 769 1354 826 omuino

213 856 400 914 confitendum
415 865 467 912 est.

244 947 275 1002 ld
292 947 373 1004 bodie
389 963 445 1003 non
460 946 539 1018 pauci
556 957 709 1021 agnoscunt
727 946 845 1020 theologi
862 955 1064 1019 protestantes,
1082 948 1207 1020 nihilque
1224 950 1286 1007 ideo
1300 965 1355 1006 rne·

211 1037 291 1094 dium
310 1038 484 1108 conspiciunt
500 1038 573 1093 inter
588 1038 809 1094 catholicismum
829 1047 857 1093 et
876 1039 1107 1094 rationalismum.
1123 1059 1138 1092 u
1152 1039 1181 1095 Sl
1197 1041 1296 1114 religio
1311 1057 1356 1098 su·

212 1129 398 1200 pernaturalis
414 1128 552 1195 creditur,
566 1129 605 1183 ait
618 1127 750 1184 Stmudlin
769 1127 831 1202 (l),
847 1128 913 1184 item
927 1128 1062 1184 fateamur
1071 1145 1186 1186 neeesse
1198 1140 1242 1186 est
1255 1132 1355 1199 Deum,

212 1218 261 1289 qui
286 1219 482 1275 revelationem
508 1219 667 1275 hominihus
690 1218 785 1292 largiri
807 1219 934 1292 diguatus
960 1220 1013 1286 sit,
1036 1220 1191 1291 providisse
1217 1221 1301 1277 etiam
1327 1231 1357 1278 ut

213 1308 296 1365 istius
320 1309 496 1365 revelationis
515 1324 616 1364 sensus
638 1308 780 1364 hominum
804 1307 919 1364 arbitrio
939 1324 994 1364 non
1011 1307 1081 1365 foret
1100 1311 1279 1381 permissus:
1297 1311 1357 1382 qui-

213 1416 332 1471 cumque
354 1401 406 1456 hoc
428 1399 595 1471 principium
619 1414 674 1454 non
697 1398 813 1469 recipit,
834 1414 927 1454 secum
952 1400 1013 1470 ipse
1040 1410 1183 1473 pugnat.»
1203 1400 1258 1458 hlii
1283 1401 1358 1457 aiunt

213 1490 310 1547 itidem
329 1500 360 1546 ut
376 1490 502 1564 religioni
528 1490 731 1561 supernaturali
751 1490 832 1544 unice
853 1489 1089 1545 accommodatum
1108 1489 1208 1545 merito
1234 1489 1358 1546 habitum

212 1596 275 1637 esse
298 1581 395 1653 dogma
415 1580 579 1637 catholicum
599 1580 634 1635 de
657 1579 794 1635 infallibili
816 1579 947 1634 Ecclesiae
968 1579 1132 1635 auctoritate
1159 1577 1224 1652 (f).
1251 1580 1304 1638 Ubi
1325 1581 1358 1637 de

213 1669 307 1726 divina
319 1669 486 1726 revelatione
500 1686 591 1727 senno
604 1670 777 1736 instituitur,
790 1670 920 1742 inquiunt
932 1670 995 1734 alii,
1010 1671 1105 1726 eodem
1121 1672 1181 1728 loco
1199 1671 1357 1726 habendum

214 1768 258 1815 est
279 1759 420 1816 decretum
438 1760 473 1815 de
488 1760 618 1817 Ecclesiae
636 1759 832 1816 infallibilitate
849 1775 881 1816 ac
903 1759 972 1816 illud
991 1760 1026 1816 de
1047 1759 1139 1816 divina
1161 1762 1354 1830 Providentia,

214 1850 240 1906 si
259 1850 333 1905 circa
351 1850 519 1906 creationem
543 1851 659 1921 quaestio
682 1860 810 1907 versetur
833 1866 840 1904 :
862 1850 981 1907 alterum
1007 1850 1068 1906 sinc
1093 1851 1179 1908 altero
1204 1852 1357 1909 consistere

215 1941 313 2012 nequit
332 1939 393 2015 (5).
413 1941 479 2009 Quae
495 1941 606 2012 quidem
629 1941 797 2013 comparatio
814 1941 944 2011 praeclara
968 1950 1044 1996 certe
1063 1949 1091 1996 et
1104 1957 1138 1996 er
1156 1949 1215 1997 toto
1232 1951 1357 1998 accurata

216 2032 297 2088 nobis
314 2047 424 2103 semper
440 2032 500 2087 visa
517 2041 569 2087 est.
591 2031 663 2099 Quid
682 2029 786 2104 igitur?
808 2030 921 2086 Peracta
943 2031 1040 2086 mundi
1060 2031 1182 2087 universi
1203 2031 1356 2098 creatione,

215 2138 272 2179 non
291 2132 405 2194 repente
420 2122 550 2178 discessit
569 2123 642 2177 Deus
664 2137 716 2177 nec
735 2130 875 2177 creaturas
895 2121 953 2177 suis
975 2121 1099 2193 ipsarum
1118 2121 1226 2178 viribus
1245 2131 1297 2178 aut
1315 2137 1358 2178 ar·

214 2212 299 2268 bitrio
317 2213 453 2283 reliquit:
473 2229 529 2267 ooo
551 2213 653 2266 creavit
672 2218 696 2267 et
718 2212 803 2278 obiit,
818 2219 848 2266 ut
870 2210 950 2267 aus.
970 2211 1158 2286 Augustinus,
1173 2212 1221 2267 sed
1237 2212 1268 2267 in
1291 2228 1357 2284 opus

215 2317 298 2358 sunm
320 2317 400 2376 agore
422 2302 558 2373 perrexit,
581 2302 650 2357 illud
670 2318 831 2357 coosoroona
852 2316 884 2356 ac
906 2301 1038 2372 peculiari
1056 2316 1121 2357 cura
1139 2317 1238 2375 regens
1256 2302 1356 2375 guber-

215 2407 341 2463 uansque
355 2409 362 2447 ε
376 2392 405 2447 id
421 2392 597 2463 postulabant
616 2391 664 2446 Dei
682 2392 826 2456 attributa,
842 2391 869 2447 id
883 2391 1048 2464 efflagitabat
1067 2392 1150 2447 etiam
1170 2402 1356 2448 creaturarum

216 2493 329 2552 natura3
349 2492 449 2555 atque,
463 2482 518 2538 uisi
530 2482 692 2538 admittatur
703 2482 890 2548 conservatio,
904 2498 965 2552 quae
987 2497 1051 2537 eum
1071 2480 1247 2538 Providentia
1266 2483 1355 2556 jungi·

215 2584 275 2642 tur,
295 2574 416 2631 tollenda
438 2575 503 2629 item
523 2582 565 2629 est
590 2573 691 2630 creatio
713 2581 741 2628 et
763 2587 826 2629 cum
858 2571 1025 2642 pantheistis
1055 2570 1181 2627 atheisve
1212 2571 1355 2628 dicendum

215 2665 308 2721 omnia
326 2664 484 2721 necessario
502 2680 535 2719 ac
556 2678 627 2719 caeco
647 2664 753 2735 impetu
771 2662 815 2736 agi
835 2661 1041 2731 continerique,
1068 2677 1120 2717 nec
1144 2662 1247 2719 ideirco
1272 2664 1354 2718 Deum

216 2755 431 2828 omnipotentia,
446 2754 580 2826 sapientia
599 2770 631 2809 ac
643 2754 771 2810 libertate
789 2751 935 2824 praeditum
953 2751 1049 2806 haberi
1069 2766 1160 2823 posse.
1180 2753 1243 2807 Pari
1266 2764 1353 2809 autem

215 2848 323 2904 ratione
339 2847 464 2920 neganda
485 2862 518 2902 ac
540 2844 694 2917 respuenda
711 2859 825 2916 prorsus
848 2842 1067 2914 supernaturalis
1086 2857 1119 2897 ac
1141 2842 1235 2897 diviua
1254 2841 1353 2899 Christi

216 2940 364 3006 revelatio,
388 2938 442 2994 nisi
465 2938 533 2993 item
555 2946 719 3010 agnoscatur
741 2933 934 2989 auctoritatem
956 2932 1039 2988 etiam
1064 2934 1303 3004 supernaturalem
1323 2947 1353 2988 ac

216 3027 339 3083 divinam
353 3027 439 3083 fuisse
451 3043 467 3083 a
480 3026 590 3082 Christo
604 3025 771 3081 institutam.

254 3117 401 3172 fateamur
417 3132 481 3191 ergo
501 3131 596 3172 omnes
609 3115 658 3186 qui
670 3113 774 3170 Christi
791 3112 987 3186 revelationem
1008 3122 1118 3169 tuemur
1131 3128 1195 3170 eum
1213 3129 1269 3169 non
1281 3126 1352 3168 reve·

217 3208 291 3264 lassc
313 3218 341 3264 et
364 3206 509 3263 confestim
535 3205 653 3272 abiisse;
680 3204 729 3260 sed
754 3203 987 3275 quemadmodum
1012 3206 1085 3260 heus
1111 3220 1143 3261 ea
1169 3222 1230 3278 quae
1256 3202 1352 3261 creavit

217 3306 364 3355 conservat
381 3313 414 3352 ac
429 3295 552 3367 disponit
570 3295 662 3351 omnia
679 3294 819 3367 attingens
836 3309 851 3348 a
865 3293 919 3349 tine
939 3310 1026 3365 usque
1039 3294 1073 3349 ad
1086 3295 1169 3350 finem
1186 3294 1302 3361 fortiter,
1317 3292 1352 3348 ita

218 3404 328 3461 quoque
340 3388 465 3444 dieamus
478 3386 526 3442 liei
539 3385 642 3441 Filium
659 3385 829 3457 providisse,
843 3392 874 3439 ut
886 3384 1018 3440 revelatio
1031 3401 1046 3439 a
1059 3401 1089 3441 se
1099 3386 1200 3441 tradita
1213 3399 1350 3443 conserva·

218 3488 297 3535 retur
309 3494 341 3534 ac
360 3486 504 3552 regeretur
519 3477 617 3532 idonea
630 3484 713 3547 atquc
726 3476 787 3548 ejus
800 3475 886 3531 indoli
897 3490 1035 3545 scopoque
1044 3484 1229 3533 consentanea
1242 3476 1349 3532 ratione.

256 3568 392 3636 Quoniam
414 3570 498 3643 igitur
520 3568 580 3640 ipse
600 3567 679 3624 brevi
700 3568 734 3622 ab
754 3567 799 3622 his
817 3565 900 3621 terris
919 3565 1003 3630 obiit,
1023 3581 1137 3622 necesse
1155 3577 1199 3623 est
1217 3575 1248 3622 ut
1268 3567 1297 3621 in
1318 3564 1348 3619 iis

219 3661 352 3732 peculiari
368 3661 449 3717 modo
463 3661 629 3731 perstiterit,
647 3658 788 3727 inceptum
805 3671 874 3727 opus
894 3664 1092 3728 persecuturus
1109 3665 1136 3712 et
1151 3658 1262 3713 tandem
1276 3655 1349 3712 abso-

220 3752 339 3808 luturus.
356 3752 427 3809 ilinc
445 3751 589 3808 conficitur
607 3736 748 3809 Christum
768 3747 879 3803 sibimet
897 3746 1056 3802 institutum
1076 3746 1213 3816 quoddam
1232 3746 1349 3804 sufficere

219 3840 364 3909 debuisse,
378 3843 451 3914 quod
469 3843 513 3898 sui
526 3841 601 3897 vices
617 3845 725 3912 gereret
741 3838 885 3910 ipsiusque
897 3853 1043 3909 personam
1060 3837 1089 3892 iu
1102 3837 1238 3905 docendo,
1253 3834 1348 3893 illumi-

251 4002 297 4069 (1)
310 4001 454 4053 Staendlin’s
465 4008 594 4069 Magnata,
610 4011 672 4054 tom.
685 4004 734 4064 lll,
747 4019 773 4070 p.
786 4005 832 4063 833
844 4001 884 4053 Cf.
897 3999 1086 4068 lloeninghaus,
1101 4003 1138 4050 Lo
1152 4000 1263 4066 deforma
1274 4003 1349 4052 contro

216 4087 246 4138 lc
255 4085 367 4150 deforme
378 4091 443 4143 ete,
454 4086 551 4138 traduit
561 4086 592 4138 de
603 4083 763 4144 l'allcmaud,
774 4082 888 4136 Louvaiu
900 4085 978 4146 1847,
990 4092 1052 4138 tom.
1065 4084 1090 4146 1,
1104 4099 1130 4151 p.
1143 4085 1184 4136 98.

250 4168 300 4236 (2)
310 4165 470 4231 Gdlting'aehe
484 4169 635 4230 adtinebat,
648 4170 727 4228 1797,
740 4173 801 4218 tom.
815 4165 866 4227 111,
881 4181 907 4232 p.
919 4169 976 4218 tat.

252 4247 295 4316 (3)
307 4253 338 4302 Ν.
352 4250 549 4316 Quortolaobrift
563 4251 705 4317 dubrqouq,
717 4256 778 4303 tom.
793 4248 839 4312 lll,
855 4263 881 4298 n.
893 4251 919 4299 ³.
