3150 5160
317 373 485 418 nurntsuus
500 373 539 416 aa
553 374 738 418 scurrrunau
766 373 891 420 srmuss
905 374 1152 421 accounonnrus.
1291 362 1349 421 ll'l

210 519 298 578 dentia
319 519 355 578 ad
375 521 535 578 universam
559 519 730 592 Scripturam
753 520 982 578 accommodavit.
999 522 1139 578 Hactenus
1163 523 1239 578 enim
1258 525 1351 582 minus

210 625 258 667 nec
275 609 330 675 nisi
343 610 442 668 timide
461 621 489 668 et
506 612 608 683 partim
621 620 729 667 tantum
749 610 783 666 ad
802 626 905 668 novum
916 612 1123 668 Testamentum
1137 613 1280 670 traductus
1292 613 1353 672 lue-

211 709 251 756 rat
268 700 435 774 llythismus
449 716 456 756 :
471 701 636 773 prohibebat
655 717 756 772 nempe
774 702 912 758 recentior
924 711 989 758 aetas
1003 716 1056 772 qua
1069 710 1212 758 exaratum
1231 711 1287 771 est,
1301 720 1353 761 nec

210 806 239 846 eo
260 790 381 846 inscitiae
402 791 465 847 sine
485 790 658 847 haesitatione
687 790 814 866 progredi
838 807 894 848 non
915 792 1081 848 verebantur
1105 791 1298 860 rationalistae,
1322 804 1353 852 ut

209 879 240 935 ad
267 897 357 937 aarum
379 883 414 938 ab
437 882 566 938 omnibus
596 891 736 952 tamquam
762 897 828 938 vere
853 883 1018 939 historicum
1043 891 1071 938 et
1096 884 1201 938 cultum
1227 883 1352 941 habitum

210 970 316 1043 mythos
335 971 510 1027 tranferrent.
526 971 625 1026 Extitit
638 971 722 1043 igitur
742 970 786 1026 vir
803 971 998 1042 petulantioris
1011 973 1114 1046 ingenii
1136 973 1183 1044 qui
1206 973 1276 1028 nihil
1293 990 1352 1030 am-

210 1060 281 1130 plius
302 1061 409 1117 veritus
431 1077 527 1117 eorum
549 1077 610 1131 quae
633 1059 745 1117 doctum
768 1077 919 1133 quemque,
938 1071 1000 1118 utut
1018 1063 1207 1130 incredulum,
1228 1063 1349 1121 maxime

209 1150 342 1206 dedecent
360 1165 393 1206 ac
411 1150 513 1221 probro
534 1149 673 1217 alliciunt,
693 1160 779 1208 totam
797 1150 906 1207 Domini
923 1152 990 1207 lesu
1010 1153 1110 1218 vitam,
1124 1161 1206 1223 prout
1220 1154 1251 1208 ia
1263 1154 1353 1210 Evan-

209 1239 288 1312 geliis
301 1249 444 1306 narratur,
458 1241 607 1313 mythicam
622 1240 714 1297 dicere
736 1257 792 1297 non
809 1241 954 1298 dubitavit.
973 1241 1063 1314 liujus
1076 1243 1231 1300 doctrinam
1248 1245 1353 1317 paulis-

210 1346 258 1400 per
271 1331 470 1402 expendamus.
1151 1369 1154 1373 .

245 1420 370 1476 Primum
388 1420 455 1491 quid
475 1419 564 1492 mythi
583 1419 695 1476 nomine
708 1419 738 1476 in
757 1420 914 1494 Euangeliis
929 1421 1066 1497 intelligat
1081 1423 1286 1495 inspiciendum
1300 1435 1352 1481 est.

210 1510 319 1582 llythus
340 1511 515 1585 evangelicus
539 1512 707 1583 appellatur,
730 1510 833 1582 inquit,
851 1512 973 1569 narratio
988 1515 1143 1569 immediate
1160 1515 1306 1570 mediatem
1318 1516 1353 1571 ad

211 1601 303 1658 lesum
328 1611 473 1674 spectans,
493 1617 576 1674 quam
601 1602 703 1657 habere
725 1617 888 1672 possumus,
909 1619 965 1658 non
988 1613 1020 1659 ut
1040 1604 1108 1671 facti
1133 1605 1277 1676 curjusdam
1304 1621 1352 1661 ex-

212 1691 394 1761 pressionem,
424 1692 495 1748 bene
518 1707 584 1748 vero
609 1692 731 1748 notionis
754 1708 837 1763 quam
859 1694 889 1749 in
913 1703 1005 1750 mente
1027 1695 1159 1769 gerebant
1184 1695 1267 1766 primi
1292 1695 1352 1766 ejus

211 1780 349 1853 discipuli.
368 1783 453 1838 Porro
471 1782 500 1836 in
519 1781 636 1837 historia
656 1782 812 1855 evangelica
833 1783 948 1855 perinde
966 1799 999 1840 ac
1018 1785 1048 1839 in
1070 1784 1150 1840 libris
1170 1785 1257 1841 saeris
1279 1785 1352 1856 pris-

212 1887 305 1926 carum
324 1871 449 1946 gentium
466 1870 549 1928 variae
574 1881 724 1928 occurrunt
748 1873 907 1945 mythorum
926 1872 1055 1944 species:
1075 1872 1156 1929 modo
1178 1873 1290 1947 mythus
1309 1882 1352 1930 est

209 1978 314 2032 parua,
332 1964 380 2034 qui
398 1979 457 2018 rem
478 1962 567 2034 ipsam
586 1972 725 2020 narratam
738 1963 837 2031 afficit,
857 1961 939 2020 modo
953 1980 999 2021 res
1011 1964 1097 2021 relata
1115 1979 1180 2020 vera
1199 1973 1242 2021 est
1261 1974 1290 2021 et
1301 1966 1352 2022 ad-

206 2052 306 2120 juncte
322 2060 430 2108 tantum
450 2053 570 2125 mythice
587 2054 714 2110 habenda
734 2063 809 2111 sunt.

237 2140 326 2209 ¹Quod
342 2141 365 2198 si
378 2157 485 2213 quaeras
497 2142 545 2213 qui
558 2142 620 2199 lons
633 2143 717 2200 luerit
730 2158 827 2200 eorum
841 2145 1001 2217 mythorum
1014 2144 1078 2216 qui,
1093 2143 1233 2202 Straussio
1245 2145 1352 2218 judice,

211 2230 240 2286 in
258 2230 415 2304 Evangeliis
435 2241 599 2299 cernuntur,
623 2233 681 2288 haec
698 2233 757 2305 ipse
776 2232 860 2289 tradit
875 2236 979 2306 quibus
997 2236 1085 2309 magis
1105 2235 1189 2292 etiam
1207 2236 1353 2309 perspicua

212 2320 258 2377 liat
282 2321 371 2394 mythi
399 2321 516 2378 indoles.
543 2324 725 2394 Plerumque,
751 2324 804 2391 ait,
832 2341 849 2382 c
874 2325 979 2398 duplici
1008 2325 1084 2382 fonto
1109 2325 1220 2382 elicitur
1245 2328 1356 2400 mythus

212 2421 299 2482 purus
316 2411 351 2467 ad
370 2427 434 2468 eum
459 2411 633 2469 formandum
652 2413 735 2470 simul
755 2414 913 2472 conserente
933 2431 941 2470 ι
965 2416 1041 2488 prior
1060 2423 1103 2471 est
1123 2431 1156 2471 ea
1178 2416 1285 2472 bessiae
1308 2433 1356 2472 ex·

212 2503 330 2573 peotatio
349 2518 411 2575 quae
427 2513 575 2576 antequam
588 2505 670 2560 Jesus
687 2506 820 2573 oriretur,
843 2522 958 2578 quaeque
977 2515 1122 2578 propterea
1144 2507 1180 2563 ab
1201 2507 1262 2577 ipso
1280 2508 1356 2563 nulla

211 2593 318 2649 ratione
337 2593 488 2664 pendebat,
507 2595 579 2666 apud
596 2595 740 2670 judaicum
758 2598 890 2667 populum
914 2597 1081 2664 invaluerat;
1106 2598 1243 2668 posterior
1263 2607 1356 2654 autern

211 2682 336 2739 cernitur
359 2683 387 2736 in
411 2681 501 2752 ipsius
521 2683 587 2738 Jesu
612 2684 670 2740 vita
689 2694 717 2740 et
739 2685 825 2756 gestis
850 2684 951 2755 quibus
975 2686 1122 2758 populares
1146 2701 1212 2742 suos
1238 2687 1356 2742 multum

210 2771 372 2838 commovit,
391 2787 500 2842 unaque
519 2773 664 2829 notionem
682 2790 766 2845 quam
785 2776 838 2831 sibi
856 2774 890 2831 de
906 2775 1006 2831 Massia
1025 2774 1240 2831 informaverant
1258 2776 1356 2847 paulu-

211 2863 271 2917 lum
290 2860 438 2916 immutare
454 2861 559 2917 debuit.
581 2862 660 2918 Nunc
680 2879 746 2920 vero
766 2861 823 2927 hle,
849 2877 923 2917 nunc
945 2862 1008 2918 lons
1027 2861 1074 2918 ille
1093 2863 1179 2919 altero
1199 2872 1322 2935 praestat.

248 2953 290 3007 lta
308 2950 366 3007 iere
387 2951 422 3007 ab
448 2968 503 3007 uno
526 2952 611 3024 priori
636 2952 711 3010 fonte
734 2952 879 3010 historiam
906 2950 1157 3025 transfigurationis
1179 2952 1357 3009 derivandam

212 3052 308 3100 censet
328 3052 439 3110 auctor;
462 3051 558 3098 eontra
577 3045 697 3101 narratio
721 3045 775 3101 veli
798 3043 893 3116 templi
917 3044 946 3099 in
971 3043 1040 3100 duas
1066 3052 1158 3115 partes
1182 3043 1277 3112 scissi,
1303 3060 1358 3116 quo

212 3134 347 3206 temporis
372 3141 512 3190 momento
533 3133 654 3189 animam
672 3135 780 3191 etilabat
798 3135 894 3202 lesus,
917 3134 1096 3206 eposteriori
1118 3134 1200 3190 ducta
1218 3134 1329 3191 uidetur
1349 3152 1356 3191 :

213 3224 273 3280 haec
285 3239 385 3296 nempe
397 3224 460 3281 ideo
476 3224 539 3280 licta
557 3223 641 3279 luerit
659 3225 731 3295 quod
753 3226 833 3282 lesus
858 3224 975 3297 ejusque
994 3224 1124 3296 discipuli
1144 3233 1238 3297 postea
1252 3226 1359 3280 cultum
1414 3253 1419 3262 ·

213 3325 241 3373 et
260 3317 395 3388 templum
410 3315 554 3386 judaicum
568 3315 665 3371 tollere
682 3315 836 3371 studerent.
850 3317 901 3372 llic
919 3331 984 3388 ergo
1002 3314 1106 3386 aliquid
1126 3314 1255 3371 historici
1271 3314 1359 3370 oden·

212 3405 322 3471 dimus,
341 3421 508 3477 quamquam
527 3405 555 3461 id
578 3404 726 3460 admodum
745 3419 844 3478 vagum
866 3413 996 3476 appareat
1015 3418 1066 3459 nec
1087 3403 1141 3459 nisi
1162 3404 1244 3459 istius
1269 3403 1358 3460 aetatis

212 3496 371 3552 animorum
395 3504 485 3552 status
506 3494 653 3567 quamdam
672 3492 793 3567 speciem
815 3493 925 3550 referat.
950 3491 1029 3560 Quod
1052 3502 1145 3549 tamen
1168 3493 1237 3550 satis
1262 3502 1305 3550 est
1327 3501 1359 3550 ut

213 3579 336 3663 satagatur
358 3587 471 3660 mythus
489 3586 648 3643 historicus.
1279 3607 1281 3612 ·

250 3678 361 3752 llythus
379 3678 464 3752 igitur
481 3678 626 3731 historicus
642 3676 746 3732 dieitur
761 3691 847 3747 quum
865 3674 967 3732 lactum
986 3674 1124 3747 quoddam
1140 3682 1248 3728 certum
1266 3680 1294 3728 et
1312 3672 1359 3728 de-

213 3769 324 3824 finitum
339 3769 432 3823 thema
453 3765 585 3832 efficitur,
599 3765 672 3836 quod
686 3765 846 3839 imaginatio
860 3765 995 3837 ejusmodi
1009 3762 1236 3835 conceptionibus
1256 3763 1359 3837 mythi-

212 3858 255 3915 cis
274 3866 389 3914 exornat
406 3871 467 3927 quae
486 3865 577 3911 ortum
593 3856 695 3910 ducant
716 3856 750 3910 ab
769 3856 831 3911 idea
850 3855 963 3912 Christi.
986 3856 1099 3911 Factrrm
1125 3850 1194 3908 illud
1213 3852 1294 3910 modo
1316 3862 1359 3910 est
1461 3891 1469 3914 .

213 3962 306 4006 sermo
331 3947 442 4019 quidam
462 3945 540 4013 lesu,
560 3945 641 4002 modo
660 3954 738 4000 actus
756 3946 820 4001 vitm
839 3945 917 4017 ejus;
936 3955 1019 4018 atque
1045 3945 1083 4000 ita
1109 3943 1279 4015 baptismus,
1310 3943 1358 4016 qui

212 4045 331 4095 eventus
352 4035 579 4102 historicus'est,
593 4035 628 4091 iis
641 4034 824 4107 amplificatus
843 4035 896 4092 luit
909 4033 1128 4092 circumstantiis
1143 4036 1273 4109 mythicis
1288 4049 1357 4105 quas

212 4126 296 4183 hodie
321 4126 350 4182 in
372 4125 529 4201 Euangeliis
549 4125 746 4197 conspicimus.
772 4126 837 4182 llaec
858 4125 964 4192 omnia,
991 4127 1085 4184 dicere
1113 4127 1204 4200 pergit
1229 4125 1356 4190 Strauss‚

210 4218 276 4289 jure
299 4217 403 4288 optimo
425 4216 512 4290 mythi
536 4215 647 4272 nomine
666 4215 797 4283 ueniunt,
819 4214 871 4271 etsi
892 4231 925 4272 eo
947 4231 1031 4274 sensu
1050 4215 1214 4273 accuratiori
1232 4214 1357 4287 mythum

212 4304 372 4377 acceperis,
392 4317 423 4364 ut
444 4307 639 4378 conceptionem
662 4311 734 4362 notet
754 4320 788 4362 ce
810 4303 889 4376 cujus
905 4311 985 4378 porte
1005 4322 1060 4363 aon
1080 4305 1212 4360 historice
1233 4303 1359 4359 eliciatur
