3150 5160
328 376 354 420 s.
371 377 574 436 accusamus,
590 375 784 421 nxrronnnsxs
798 374 965 419 missenus.
1182 359 1221 418 79

82 536 146 578 enm
164 520 209 577 cui
228 520 411 587 credidimus,
426 538 462 578 ae
474 521 577 578 talihus
590 521 697 578 inimici
712 520 843 577 versutiis
860 529 888 575 et
905 517 1087 590 perversitate
1099 519 1223 591 decepti,

82 613 221 684 adipsum
238 628 347 684 qnoque
365 612 534 668 audiendum
558 612 736 687 Evangelium
758 620 840 682 atque
862 609 1024 665 discendnm
1044 608 1164 666 nolimus
1182 609 1224 664 ire

81 702 110 757 in
130 702 276 769 ccclesias,
295 711 344 757 aut
359 702 483 758 codicem
506 703 612 777 legere,
632 711 681 757 aut
701 702 838 775 legentem
860 699 1112 772 praedicantemque
1133 701 1224 758 homi-

80 806 144 846 nem
157 791 267 851 audire.
280 801 308 846 et
325 800 503 862 expectemus
517 793 576 864 rapi
595 808 682 863 usque
698 791 726 846 in
741 791 853 847 tertium
867 791 981 846 coelum.
993 830 1018 845 ..
1037 799 1064 846 et
1078 790 1115 846 ihi
1129 791 1222 847 videre

80 879 227 935 Dominum
241 881 334 937 lesum
349 881 506 948 Christum,
524 890 551 937 ct
569 882 604 938 ah
625 882 674 937 illo
692 880 785 952 potius
804 894 886 950 quam
899 878 933 934 ah
952 878 1114 935 hominihus
1127 880 1224 936 audire

80 968 258 1042 Evangelium
280 968 344 1043 (l).
363 989 377 1022 a
396 972 430 1027 Et
459 986 489 1026 re
517 972 627 1042 quidem
650 986 730 1037 vera,
750 978 780 1026 ut
802 969 904 1025 absona
930 984 962 1024 ac
986 978 1143 1041 portentosa
1165 970 1224 1026 haec

81 1058 149 1125 sint,
173 1074 204 1114 ea
227 1068 320 1115 tamen
343 1075 358 1114 a
380 1060 546 1131 quibusdam
572 1061 657 1118 seclis
682 1059 895 1132 protestantium
922 1058 951 1113 in
976 1058 1082 1129 praxim
1106 1059 1222 1116 adducta

81 1147 171 1216 luere;
194 1149 262 1219 quin
282 1150 364 1205 etiam
382 1159 410 1206 et
430 1151 481 1206 hac
501 1161 582 1208 aetate
601 1151 704 1208 similia
725 1157 877 1206 cernuntur
895 1147 967 1219 apud
981 1147 1088 1219 aliquos
1105 1149 1223 1219 pseudo·

82 1239 287 1294 reformationis
307 1241 488 1297 ramusculos.
509 1241 609 1297 Notum
627 1251 671 1297 est
689 1240 861 1309 Quaeheros,
881 1239 1007 1310 privatae,
1023 1253 1106 1309 quam
1119 1238 1223 1310 jactant

82 1337 283 1399 protestantes,
309 1328 498 1401 inspirationis
521 1331 656 1402 principio
680 1331 774 1397 nixos,
801 1329 981 1401 Evangelium
1003 1331 1109 1398 ipsum,
1131 1338 1161 1385 ut
1185 1330 1224 1386 ait

81 1418 267 1491 Augustinus,
290 1428 430 1490 tamquam
455 1421 552 1477 inutile
578 1422 716 1493 rejecisse.
740 1420 807 1489 Quae
832 1419 916 1494 igitur
941 1420 1136 1490 praesentiebat
1159 1436 1223 1477 acu·

82 1508 209 1564 tissimus
223 1518 314 1576 actor,
329 1525 426 1582 reapse
443 1510 515 1584 apud
529 1512 698 1567 recentiores
712 1511 856 1567 haeretieos
876 1508 1011 1564 accidisse
1026 1509 1222 1580 conspicimus.

119 1597 198 1666 Quod
217 1608 309 1656 antem
332 1602 414 1672 paulo
437 1610 499 1672 post
520 1600 631 1672 adjicit,
658 1611 732 1658 recta
756 1602 852 1658 itidem
881 1606 1066 1671 protestantes
1089 1599 1163 1654 lenit.
1183 1599 1223 1656 Ad

83 1689 157 1745 hunc
170 1705 270 1761 nempe
284 1691 396 1746 modum
410 1691 534 1762 loquitur
545 1691 579 1747 de
593 1707 625 1748 eo
638 1693 685 1763 qui
699 1692 757 1748 solo
772 1692 828 1747 lieo
842 1690 912 1745 duce
923 1687 1081 1759 Scripturas
1096 1703 1127 1744 se
1140 1688 1217 1744 intel·

83 1780 169 1854 ligere
182 1781 316 1854 gloriatur
331 1797 337 1836 :
354 1801 368 1833 x
382 1780 433 1836 Sed
452 1797 514 1836 cum
528 1781 609 1855 legit,
624 1792 651 1838 et
664 1784 740 1839 nullo
755 1782 808 1839 sihi
821 1781 965 1839 hominum
978 1788 1131 1850 exponente
1141 1778 1223 1834 intel·

83 1869 161 1943 ligit,
185 1885 235 1925 cur
256 1871 315 1942 ipse
333 1870 397 1926 aliis
414 1869 523 1926 affectat
541 1887 691 1943 exponere,
710 1886 742 1927 ac
761 1886 817 1926 non
839 1868 931 1941 potius
950 1882 998 1922 ecs
1017 1866 1133 1922 remittit
1152 1868 1221 1932 Deo,

83 1969 114 2014 ut
127 1959 181 2031 ipsi
195 1975 304 2031 qnoque
318 1976 373 2016 non
387 1976 436 2031 per
449 1961 606 2027 hominem,
621 1963 669 2018 scd
684 1961 732 2017 illo
745 1962 822 2016 intus
835 1960 951 2016 docente
964 1955 1194 2031 intelligamini?
1207 1977 1221 2010 ι

82 2049 117 2105 Et
139 2050 251 2121 quidem
271 2049 345 2105 haud
360 2066 493 2122 assequor
513 2068 578 2125 ego,
598 2068 648 2108 cur
668 2051 816 2116 Lutherus,
838 2049 968 2106 Calvinus
981 2056 1009 2104 et
1028 2064 1123 2104 eorum
1137 2047 1221 2104 disci·

83 2138 157 2208 puli,
179 2138 313 2194 examinis
332 2148 415 2209 atque
440 2140 630 2210 inspirationis
651 2140 764 2213 privatae
787 2139 873 2196 semel
898 2139 1047 2195 constituto
1073 2138 1221 2209 principio.

82 2226 241 2298 Scripturas
269 2243 407 2299 exponere
432 2245 534 2300 easque
556 2231 689 2301 populum
717 2230 832 2286 edocere
854 2229 1042 2302 perrexerint;
1062 2229 1116 2284 imo
1141 2244 1221 2297 vero,

83 2326 116 2373 ut
135 2317 239 2374 rectius
259 2319 366 2385 dicam,
385 2335 401 2374 a
424 2321 566 2394 religionis
588 2329 616 2377 et
634 2330 739 2377 naturae
764 2320 871 2394 legihns
894 2334 983 2391 usque
1004 2319 1072 2375 adeo
1093 2319 1223 2374 abhorret

84 2409 304 2478 protestantismi
327 2410 437 2484 regula,
462 2421 492 2467 ut
511 2427 563 2467 nec
585 2410 646 2483 ipse
668 2411 748 2468 initio
770 2420 858 2468 semet
881 2409 1063 2476 intellexerit;
1086 2410 1114 2465 id
1130 2420 1222 2466 autem

84 2505 181 2568 postea
196 2499 309 2555 nherius
328 2516 427 2557 sumus
443 2502 635 2558 monstraturi.

123 2586 190 2655 Quae
210 2605 295 2660 quum
313 2589 352 2645 ita
373 2591 445 2657 sint,
464 2602 558 2648 monet
576 2590 745 2665 Augustinus
764 2589 931 2647 christianos
955 2605 991 2646 ne
1014 2589 1042 2644 in
1065 2589 1223 2661 hujusmodi

84 2679 253 2735 tentationes
271 2680 522 2750 periculosissimas
538 2697 568 2737 se
587 2681 687 2738 abduci
701 2680 809 2745 sinant,
823 2681 952 2751 variaque
965 2680 1088 2752 exempla
1101 2696 1117 2736 e
1129 2679 1222 2752 Scrip-

85 2768 160 2824 turis
177 2768 259 2824 ducta
278 2768 357 2824 allent
373 2769 476 2839 quihus
493 2769 620 2826 ostendat
639 2771 723 2826 ὓειιιιι
737 2757 883 2826 hominem*
897 2785 946 2841 per
966 2770 1107 2826 hominem
1124 2769 1222 2827 docere

86 2859 275 2914 consuevisse.

125 2948 176 3004 His
192 2958 285 3004 antem
303 2948 478 3022 generalibus
491 2947 636 3021 principiis
650 2947 687 3004 ita
707 2948 734 3004 in
748 2957 923 3004 antecessum
936 2947 1110 3014 constitutis,
1126 2964 1222 3024 aggre-

84 3038 164 3094 ditur
184 3039 295 3095 tandcm
314 3040 348 3095 ad
371 3041 546 3111 exponendas
565 3041 639 3113 leges
657 3057 726 3113 quas
740 3041 768 3097 in
788 3040 1001 3113 interpretandis
1016 3039 1167 3111 Scripturis
1179 3040 1222 3096 rir

86 3129 270 3196 christianus,
287 3129 411 3202 adeoque
426 3130 529 3187 Christi
550 3131 677 3204 dogmata
694 3134 751 3204 jam
770 3134 897 3199 edoctus,
918 3141 1050 3204 perpetuo
1072 3132 1108 3188 oh
1127 3132 1222 3188 oculos

86 3219 189 3275 hahere
207 3218 317 3286 debcat;
339 3220 397 3275 haec
417 3236 482 3276 vero
501 3219 535 3276 ad
556 3221 713 3279 institutum
732 3231 928 3280 nostrumnon
950 3231 1086 3296 spectant.
1109 3221 1151 3279 Ad
1168 3222 1221 3278 alia

84 3325 152 3382 ergo
165 3309 314 3383 Augustini
333 3326 415 3382 opera
435 3311 652 3385 progrediamur.

123 3400 205 3456 Extat
217 3400 288 3456 liher
299 3402 382 3475 vulgo
396 3402 431 3456 De
444 3405 550 3458 coitate
562 3402 686 3459 Eccleaic
701 3402 808 3469 dictus,
821 3419 904 3474 quem
916 3403 1050 3459 adversus
1064 3400 1222 3457 Donatistas

84 3490 200 3562 scripsit
221 3490 408 3565 Augustinus,
427 3503 508 3564 atque
527 3508 561 3549 ex
580 3494 736 3565 ecquidem
749 3503 926 3567 argumenta,
940 3493 1040 3565 quihus
1061 3493 1222 3549 methodum

82 3581 259 3638 auctoritatis
280 3583 443 3639 catholicam
462 3584 660 3649 convellerent,
673 3585 774 3642 elicere
792 3585 895 3656 saepius
912 3584 966 3640 nisi
982 3594 1047 3639 sunt
1064 3590 1223 3655 protestan-

84 3683 139 3728 tes.
160 3672 279 3727 Necesse
296 3681 339 3729 est
357 3674 441 3747 igitur
457 3685 499 3741 ut,
514 3690 564 3747 pro
585 3690 667 3746 scopo
685 3690 767 3746 quem
781 3674 861 3730 nohis
873 3672 1083 3739 constituimus,
1097 3671 1130 3728 ad
1145 3688 1222 3728 scre-

85 3762 170 3818 rioris
188 3762 300 3818 trutinae
313 3779 438 3819 normam
456 3765 629 3821 tractationis
648 3763 733 3836 hujus
751 3774 944 3837 argumentum
965 3764 1114 3836 exigamus.
1129 3762 1177 3825 At,
1190 3772 1222 3819 ut

82 3852 180 3909 statim
202 3853 292 3908 dicam
315 3854 381 3925 quid
405 3854 538 3920 sentiam,
563 3855 728 3916 adversarii.
751 3855 852 3927 quihus
875 3869 1015 3926 nunquam
1037 3853 1072 3908 de
1093 3853 1222 3908 Patribus

64 3933 66 3936 ’
85 3957 178 3999 sermo
192 3943 262 3999 lorat
274 3943 475 4009 instituendus,
487 3945 589 4017 quippe
602 3944 667 4016 qui,
689 3945 829 4016 quodiam
842 3945 976 4011 vidimus,
991 3944 1088 4001 horum
1102 3941 1152 3997 lilii
1166 3958 1220 3998 non

85 4043 168 4101 sunt,
185 4034 408 4106 perincommode
426 4035 539 4093 omuino
556 4035 658 4092 lihrmn
677 4035 755 4092 illum
770 4050 828 4092 suae
846 4049 936 4093 causae
958 4043 1057 4093 testem
1077 4032 1220 4091 advocant.

117 4188 160 4252 (ι)
178 4189 240 4239 icta.
253 4207 279 4240 n.
294 4195 317 4241 a.

118 4269 161 4333 (a)
179 4272 208 4320 n.
221 4275 246 4322 a.
