3150 5160
353 342 412 403 too
495 353 740 400 naonnsma'nuu
761 352 913 396 carneuna
936 353 973 394 un
996 351 1167 396 naurcrouis
1189 353 1341 397 unrnono.

349 502 481 561 doctrinae
503 516 599 559 eorum
620 497 758 571 capitibus
781 497 854 554 belle
875 497 1044 554 consonabat
1065 513 1072 552 :
1096 497 1208 554 aiebant
1231 499 1335 572 quippe
1358 499 1502 556 bominem

349 591 465 666 originis
477 599 590 663 peccato
606 589 719 662 penitus
734 595 898 659 corruptum
914 587 986 643 nihil
1002 589 1122 660 amplius
1136 589 1239 646 virium
1252 590 1355 647 babere
1372 590 1401 646 in
1415 590 1504 648 rebus

348 682 452 740 divinis
469 690 518 737 aut
540 677 703 752 appetendis
725 677 934 748 sectandisque,
951 687 999 734 aut
1021 678 1104 733 ctiam
1124 679 1328 751 percipiendis,
1349 696 1502 736 curavero

350 774 379 831 in
392 772 522 831 omnibus
534 786 550 827 a
564 770 669 844 Spiritu
683 768 733 825 Dei
752 769 810 842 regi
824 767 954 838 intusque
971 768 1074 825 doceri.
1088 768 1160 824 llinc
1173 771 1342 840 sequebatur
1359 787 1502 843 quemque

350 863 548 929 christianum,
568 861 594 919 si
613 860 694 918 modo
714 857 873 930 Scripturas
890 857 1058 932 perlegeret,
1074 867 1189 930 repente
1205 859 1373 927 illuminari,
1389 877 1501 918 veram·

349 969 405 1027 que
427 967 569 1010 sacrarum
595 950 753 1006 litterarum
775 947 956 1014 sententiam,
979 949 1035 1005 lieo
1058 948 1135 1006 intus
1160 948 1292 1017 docente,
1318 953 1387 1007 citra
1408 951 1501 1008 ullium

347 1042 550 1102 adminiculum
569 1049 714 1097 externum
732 1038 876 1110 percipere
891 1053 897 1093 :
912 1045 940 1093 et
959 1053 1042 1109 porro
1059 1039 1211 1095 verendum
1229 1056 1284 1097 nou
1305 1051 1365 1098 erat
1381 1057 1418 1099 ne
1434 1043 1503 1115 quis

347 1134 472 1207 Spiritus
485 1131 574 1190 sancti
587 1129 764 1203 inspirationi
777 1137 826 1184 aut
838 1128 925 1184 divini
939 1128 1042 1200 eloquii
1056 1128 1188 1186 doctrinae
1199 1145 1248 1186 sua
1263 1131 1380 1204 cogitata
1393 1147 1502 1205 suppo·

350 1233 443 1291 neret,
456 1221 679 1295 quandoquidem
699 1221 779 1292 plane
793 1219 901 1276 sublata
914 1217 1004 1276 luerat
1022 1219 1143 1275 bumana
1158 1221 1229 1277 ratio
1242 1237 1293 1277 nec
1309 1222 1366 1277 ulla
1378 1224 1503 1295 amplius

351 1315 395 1373 uis
412 1315 467 1387 ipsi
483 1315 584 1370 inerat.
603 1311 685 1369 Solus
702 1312 777 1367 Deus
790 1309 818 1364 in
835 1308 957 1366 hominis
972 1318 1065 1365 mente
1081 1325 1162 1383 agere
1177 1310 1335 1378 dicebatur,
1348 1312 1432 1369 bomo
1449 1329 1503 1370 au·

349 1417 408 1468 tem
425 1405 562 1463 machinae
580 1403 670 1459 instar
686 1401 812 1474 accipere
829 1398 1031 1472 praedicabatur
1043 1399 1178 1472 quidquid
1195 1402 1268 1458 Deus
1285 1401 1314 1457 iu
1332 1400 1423 1474 ipsius
1441 1402 1504 1458 ani-

350 1511 428 1554 mum
449 1495 564 1566 injicere
582 1493 667 1549 vellet
681 1491 740 1566 (1).

389 1585 420 1641 lu
440 1585 516 1640 buno
536 1599 601 1657 ergo
622 1583 735 1639 modum
753 1583 893 1639 Lutherus
912 1579 1038 1638 decernit
1060 1596 1199 1653 quemque
1216 1581 1271 1637 sibi
1289 1597 1347 1638 suae
1366 1581 1504 1640 doctriuae

349 1676 472 1750 judicem
486 1691 549 1732 esse
567 1673 740 1731 liberrimum
755 1690 761 1729 :
777 1693 791 1729 (ι
804 1673 855 1729 llis
868 1682 895 1729 ct
908 1672 1048 1729 similibus
1063 1672 1160 1728 multis
1171 1672 1254 1738 locis,
1267 1682 1327 1728 tum
1342 1673 1502 1748 Evangelii,

351 1778 411 1824 tum
424 1766 510 1824 totius
527 1765 690 1837 scripturae,
704 1763 805 1836 quibus
818 1762 1000 1820 admonemur
1016 1777 1052 1818 ue
1067 1761 1145 1819 salsis
1161 1761 1320 1819 doctoribus
1335 1763 1500 1830 credamuS,

350 1858 418 1933 quid
439 1859 515 1920 aliud
538 1857 689 1923 docemur,
712 1870 795 1928 quam
816 1863 848 1910 ut
868 1858 968 1910 nostro
990 1855 1114 1925 proprio
1135 1857 1259 1926 quiaquia
1277 1871 1330 1924 pro
1352 1871 1379 1909 aa
1401 1855 1502 1910 colotis

351 1951 488 2004 rationem
503 1947 619 2023 habena,
632 1953 720 2003 certos
735 1947 788 2013 ait,
802 1947 869 2015 quid
884 1947 976 2002 eredat
989 1951 1014 1999 et
1030 1952 1176 2016 aequatur,
1189 1962 1222 2002 oc
1234 1946 1324 2016 jodae
1339 1945 1502 2002 liberrimae

349 2040 386 2095 ait
406 2041 543 2104 omnium,
560 2039 609 2109 qui
629 2039 722 2092 doceat
742 2052 816 2102 eom,
838 2053 945 2093 inausa
965 2037 1021 2093 Duo
1040 2052 1106 2093 sono
1123 2053 1223 2094 nocuus
1241 2034 1301 2111 (2).
1315 2056 1329 2087 u
1348 2034 1422 2091 alibi
1439 2035 1499 2092 ait:

352 2128 547 2185 «Christianis
566 2127 638 2183 nibil
657 2126 735 2183 nullo
752 2125 816 2198 jure
835 2142 917 2198 posse
936 2126 1040 2199 imponi
1059 2127 1164 2202 legum,
1184 2126 1244 2184 sive
1265 2127 1300 2182 ab
1322 2126 1500 2193 bominibus,

351 2219 411 2276 sive
429 2220 463 2275 ab
483 2217 603 2290 angelis,
623 2217 678 2274 nisi
697 2225 831 2289 quantum
849 2218 961 2287 volunt,
979 2219 1057 2273 liberi
1076 2221 1149 2273 enim
1167 2235 1262 2272 samaa
1280 2219 1314 2272 ab
1333 2218 1472 2273 omnibus.
1484 2237 1500 2270 a

351 2341 389 2351 -
403 2329 417 2362 u
431 2309 497 2365 Dico
517 2309 609 2379 itaque
629 2324 636 2363 ;
657 2322 748 2377 neque
766 2322 850 2378 papa,
874 2323 964 2379 neque
984 2307 1148 2380 episcopus,
1160 2324 1245 2379 oeque
1263 2309 1336 2364 ullos
1353 2310 1499 2366 bominum

351 2399 430 2454 babet
445 2398 496 2468 juo
514 2399 598 2452 auios
619 2398 728 2468 syllabae
747 2399 940 2453 constituendo
959 2415 1042 2469 saper
1060 2400 1244 2454 christianam
1270 2400 1421 2464 bominem,
1443 2401 1500 2457 nisi

356 2488 384 2546 id
398 2488 447 2544 liat
462 2487 588 2559 ejusdem
601 2504 738 2544 consensu
758 2505 764 2545 :
782 2488 916 2560 quidquid
933 2489 1014 2545 aliter
1032 2487 1078 2555 fit,
1091 2490 1235 2563 tyrannico
1251 2491 1351 2562 spiritu
1366 2492 1397 2548 sit
1411 2489 1466 2566 (ὅ).
1483 2511 1499 2545 a

389 2579 497 2636 Similia
517 2580 600 2637 babet
618 2578 777 2653 zwinglius.
793 2578 896 2646 «Haec,
912 2578 1014 2650 inquit,
1031 2579 1143 2635 taudem
1163 2581 1222 2637 sola
1238 2589 1281 2636 est
1297 2580 1424 2638 Ecclesia
1443 2583 1501 2639 labi

351 2679 381 2731 et
399 2686 494 2727 errare
511 2669 619 2736 nescia,
639 2685 701 2742 quae
716 2668 804 2725 solam
826 2669 875 2725 llei
894 2670 1014 2741 pastoris
1030 2686 1127 2727 vocem
1145 2671 1223 2727 audit
1243 2668 1371 2744 (scilicet
1388 2688 1501 2729 sacram

352 2757 557 2833 Scripturam),
575 2775 639 2815 nam
659 2759 718 2816 haec
737 2760 795 2816 sola
813 2775 847 2816 ex
865 2759 922 2816 Deo
934 2769 987 2816 est.
1008 2759 1061 2828 Qui
1080 2761 1154 2816 enim
1174 2777 1208 2816 cx
1228 2762 1284 2817 Deo
1302 2771 1361 2830 est,
1375 2762 1499 2820 Verbum

351 2852 402 2907 Dei
424 2851 516 2918 audit;
536 2859 565 2907 et
582 2866 681 2908 rursus
698 2866 748 2908 vos
767 2866 823 2919 uon
840 2849 959 2916 auditis,
978 2851 1027 2923 qui
1046 2866 1079 2908 ex
1101 2852 1157 2908 Deo
1180 2868 1236 2908 non
1256 2853 1335 2909 estis.
1357 2854 1430 2927 Ergo
1450 2856 1501 2927 qui

352 2940 485 3006 audiunt,
499 2940 547 2995 Dei
563 2956 630 2997 oves
646 2949 726 3009 sunt,
741 2941 790 2996 liei
806 2941 930 2997 Ecclesia
942 2950 1021 3009 sunt,
1038 2957 1131 2997 errare
1148 2952 1290 3014 nequount
1304 2960 1310 2999 :
1326 2960 1393 2999 nom
1410 2946 1502 3003 aotam

351 3032 402 3087 Dei
424 3030 536 3087 Verbum
552 3038 718 3103 aequantur,
733 3033 805 3103 quod
823 3033 916 3101 [allero
933 3035 1011 3089 oolla
1027 3035 1136 3089 ratione
1150 3041 1237 3104 potest
1256 3032 1344 3108 (1).)
1360 3034 1500 3104 Quoniam

352 3135 418 3195 ergo
436 3136 501 3177 vera
523 3128 552 3176 et
570 3119 727 3177 infallibilis
747 3130 790 3177 est
811 3121 967 3192 Scriptura,
991 3120 1055 3176 inde
1076 3123 1209 3195 consequi
1227 3130 1324 3179 censet
1345 3123 1501 3198 Zwinglius

352 3225 405 3266 nec
422 3209 481 3266 salli
495 3226 577 3283 posse
594 3226 659 3266 enm
671 3210 719 3283 qui
742 3210 912 3283 Scripturam
931 3211 1049 3286 perlegit
1065 3220 1093 3268 et
1111 3212 1321 3286 interpretatur.
1339 3212 1370 3270 ld
1382 3214 1499 3286 quidem

352 3301 449 3358 nullus
470 3317 544 3359 sanae
566 3300 669 3357 mentis
688 3302 807 3357 multum
826 3318 882 3359 non
904 3303 1063 3371 mirabitur,
1085 3304 1135 3359 sed
1157 3305 1223 3360 hnic
1244 3313 1337 3361 minen
1358 3305 1499 3380 principio

352 3401 409 3450 tota
426 3393 521 3449 innixa
538 3392 698 3467 gestabatur
714 3408 746 3449 ea
762 3392 963 3465 interpretandi
981 3394 1095 3451 libertas
1112 3411 1195 3466 quam
1212 3396 1327 3453 cuilibet
1344 3396 1500 3470 largieban-

353 3494 400 3540 tur
423 3493 507 3542 sectae
526 3484 739 3556 protestantium
758 3483 878 3542 artifices
901 3501 909 3540 ε
932 3484 1094 3557 Scriptura,
1115 3485 1242 3555 aiebant,
1264 3502 1358 3544 errare
1378 3491 1498 3562 nequit;

383 3681 431 3747 (1)
443 3682 481 3734 Cf.
497 3681 617 3743 bloehler,
634 3682 791 3748 symbolique
808 3697 839 3731 ou
855 3683 991 3746 exposition
1007 3682 1049 3732 dea
1063 3680 1226 3732 coatrae-tetta
1242 3683 1413 3746 dogmatiqaea
1431 3691 1501 3736 antro

350 3765 386 3814 lea
400 3766 550 3827 cattotiquaa
567 3770 590 3814 et
611 3764 647 3812 lea
664 3767 830 3826 protestante,
848 3761 947 3827 d'aprda
970 3764 1038 3813 laura
1057 3763 1208 3828 consessione
1221 3766 1250 3814 dc
1264 3763 1300 3828 soi
1310 3766 1454 3829 pobliqaaaa.
1466 3794 1500 3806 -

350 3842 473 3896 Traduite
491 3844 522 3896 dc
541 3843 690 3897 l’allemand
711 3859 759 3912 par
776 3843 883 3905 Lachat,
896 3845 935 3896 ed.
948 3843 1079 3896 Bruxelles
1090 3846 1170 3906 1838,
1182 3843 1225 3895 ch.
1241 3843 1303 3911 V,§
1318 3849 1365 3907 tl,
1383 3853 1446 3898 tom.
1461 3847 1497 3908 11,

350 3940 377 3992 p.
387 3926 477 3975 tto-63.

384 4006 427 4072 (2)
442 4011 476 4056 1))
488 4010 566 4058 instit.
578 4010 671 4058 minist.
684 4009 776 4058 Ecclaa.
792 4024 867 4076 opp,
877 4015 939 4061 tom.
952 4009 988 4070 ll,
1001 4007 1044 4058 iol.
1058 4012 1115 4060 584.

384 4089 433 4155 (3)
444 4093 479 4140 De
493 4093 605 4153 captivit.
617 4091 707 4155 Babyl.
720 4107 748 4158 p.
760 4093 817 4140 888.

384 4172 432 4238 (1)
444 4176 479 4223 1))
488 4187 549 4224 aero
559 4180 581 4224 at
592 4173 661 4237 solea
671 4175 743 4238 reliq.
756 4181 882 4226 cornmcot.
894 4191 953 4242 opp.
964 4181 1025 4226 tom.
1038 4173 1074 4234 11,
1088 4171 1130 4224 sol.
1143 4175 1205 4234 1923
1215 4174 1251 4226 Cl.
1261 4173 1378 4238 lloehler‚
1389 4183 1450 4228 tom.
1462 4174 1495 4237 ll,

349 4269 376 4322 p.
389 4257 477 4306 61-68.
