3166 5168
486 354 512 399 s.
528 355 680 412 insumus,
698 353 858 399 nrrscoros
872 355 1092 400 uuoounnusrs.
1320 342 1359 400 57

213 501 293 557 nium
313 500 409 557 oculos
433 499 528 556 statim
550 499 686 567 offendat,
706 499 856 570 respondet
882 500 1002 558 irenaeus
1026 517 1088 558 eam
1109 516 1171 557 esse
1195 500 1360 567 Ecclesiam,

213 591 268 648 hoc
281 599 339 656 cst,
354 590 499 660 episcopos
512 589 546 644 ab
561 589 700 660 Apostolis
719 589 862 644 institutos
876 598 1013 646 eteorum
1032 606 1219 647 successores.

251 681 333 737 Prius
354 696 420 736 vcro
441 680 586 736 audiamus
608 680 686 735 illurn
708 678 902 737 Gnosticorum
924 680 1045 738 indolem
1068 681 1278 754 depingentem
1302 680 1361 736 baec

213 770 290 826 enim
310 771 371 843 ejus
387 770 538 841 descriptio
558 771 586 826 iu
604 771 729 826 omnium
746 769 831 826 lermc
849 779 961 827 aetatum
979 772 1125 828 haereticos
1139 773 1264 842 quadrat.
1282 771 1362 827 Post·

212 877 297 933 quam
314 877 378 934 ergo
396 877 419 916 c.
436 862 448 916 l
464 861 572 918 dixerat
589 860 736 932 Apostolos
754 861 873 932 primum
889 861 999 931 quidem
1022 861 1084 916 viva
1099 876 1166 918 voce
1183 861 1362 933 praedicasse,

212 951 315 1007 deinde
329 967 394 1007 vero
410 952 496 1008 libros
514 952 577 1006 novi
594 951 764 1008 Testamenti
788 952 961 1023 conscriptos
979 951 1079 1019 luisse,
1094 951 1150 1007 αἳ
1168 951 1206 1006 ita
1223 950 1257 1006 de
1275 951 1362 1008 baere-

213 1041 278 1098 ticis
301 1042 422 1114 loquitur
445 1059 451 1098 :
474 1040 567 1097 «Cum
590 1042 719 1097 enimes
741 1040 1078 1114 scripturisarguuntur,
1101 1041 1129 1097 in
1153 1040 1360 1097 accusationem

214 1141 413 1189 convertuntur
429 1131 553 1204 ipsarum
568 1131 772 1203 scripturarum
787 1129 850 1205 (l),
863 1132 942 1203 quasi
962 1148 1017 1188 non
1033 1141 1110 1188 recte
1127 1132 1259 1198 habeant,
1272 1147 1363 1202 neque

215 1222 273 1278 sint
291 1238 325 1278 ex
340 1224 517 1290 auctoritate,
537 1232 565 1279 et
583 1223 647 1295 quia
663 1222 747 1279 variae
765 1222 822 1279 sint
842 1222 937 1287 dictae,
956 1230 984 1277 et
1002 1224 1071 1291 qnia
1089 1238 1145 1276 non
1161 1223 1246 1291 possit
1265 1236 1300 1275 en
1319 1221 1363 1274 bis

214 1313 338 1367 inveniri
353 1315 455 1368 veritas
473 1313 507 1367 ab
525 1313 568 1368 ln's
585 1315 633 1384 qni
651 1313 772 1367 nesciant
791 1312 967 1368 traditionem
989 1310 1106 1385 (lb...
1129 1311 1198 1368 Cum
1217 1321 1310 1367 autem
1328 1311 1362 1367 ad

216 1417 278 1458 eam
296 1401 397 1459 iterum
416 1401 617 1470 Traditionem,
637 1418 698 1474 quae
718 1411 762 1459 est
783 1403 817 1458 ab
837 1401 990 1473 llpostolis‚
1011 1418 1074 1473 quae
1096 1418 1145 1474 per
1168 1402 1362 1458 successiones

216 1493 440 1566 presbyterorum
471 1492 498 1547 in
527 1492 652 1549 ecclesiis
680 1492 855 1558 custoditur,
879 1507 1061 1563 provocamus
1087 1507 1153 1556 eos,
1181 1491 1363 1549 adversantur

216 1582 387 1648 Traditioni,
412 1583 537 1640 dicentes
563 1599 593 1640 se
621 1599 675 1639 uon
701 1583 791 1638 solum
819 1582 1009 1655 presbyteris,
1035 1582 1084 1639 sed
1114 1583 1195 1638 etiam
1222 1581 1362 1655 Apostolis

217 1675 369 1732 existentes
388 1673 583 1746 sapientiores,
605 1673 742 1729 sinceram
762 1673 903 1729 invenisse
921 1674 1083 1740 veritatem,
1102 1672 1250 1746 Apostolos
1269 1683 1363 1730 autem

216 1763 401 1821 admiscuisse
418 1779 450 1819 ea
468 1779 529 1836 quae
547 1773 612 1819 sunt
628 1763 725 1836 legalia
743 1762 891 1819 Salvatoris
905 1763 998 1820 verbis
1013 1762 1087 1837 (5).»

254 1856 333 1911 Nunc
344 1864 436 1911 autem
452 1869 617 1926 responsum
631 1853 759 1926 superius
773 1853 923 1909 indicatum
934 1856 991 1927 jam
1005 1871 1038 1911 ex
1052 1855 1156 1911 lrenaeo
1171 1855 1363 1927 subjiciamus.

218 1943 269 2001 llis
285 1944 370 2017 igitur
388 1945 481 2001 verbis
497 1945 628 2017 praeclare
644 1944 757 2015 exponit
777 1944 937 2001 universum
956 1954 1015 2000 tum
1034 1945 1177 2018 religionis
1196 1955 1256 2002 tuna
1274 1946 1363 2018 ipsius

217 2036 348 2093 Ecclesiae
369 2046 489 2109 systema
514 2051 520 2090 :
546 2035 767 2091 «Traditioncm
790 2035 883 2107 itaque
907 2034 1103 2106 Apostolorum
1126 2036 1154 2091 in
1179 2045 1237 2093 toto
1260 2037 1363 2093 mundo

219 2125 438 2192 manifestatam,
452 2127 480 2181 in
498 2126 574 2181 omni
591 2126 714 2183 Ecclesia
734 2125 812 2182 adest
828 2127 967 2197 respicere
984 2126 1114 2182 omnibus
1130 2127 1179 2198 qui
1196 2143 1261 2183 vera
1278 2128 1365 2183 velint

218 2216 313 2272 videre
324 2233 330 2271 :
342 2223 365 2271 et
379 2217 506 2271 babemus
519 2233 703 2272 annumerare
716 2233 758 2271 eos
769 2219 818 2288 pai
831 2216 865 2271 ab
878 2217 1012 2286 Apostolis
1026 2217 1150 2272 instituti
1161 2224 1224 2273 snnt
1237 2218 1366 2290 Episcopi

219 2309 250 2361 in
270 2307 396 2373 ecclesiis,
414 2315 439 2363 et
455 2324 616 2363 successores
633 2324 726 2362 eoram
742 2324 825 2377 nepae
844 2309 880 2361 ad
898 2325 959 2374 nos,
976 2307 1025 2378 pai
1041 2307 1113 2362 nibil
1132 2308 1183 2362 tale
1200 2309 1364 2374 docuerant,

219 2413 303 2468 nepae
318 2403 513 2470 copnovernnt,
532 2401 611 2469 pnale
628 2399 663 2453 ab
683 2401 726 2454 bis
743 2400 886 2454 deliratur.
907 2398 1016 2454 Etenim
1035 2398 1059 2454 si
1077 2398 1215 2454 recondita
1236 2399 1366 2471 mysteria

220 2486 339 2542 scissent
351 2487 489 2558 Apostoli,
504 2504 564 2559 quae
582 2489 698 2545 seorsim
712 2499 740 2545 ct
755 2490 873 2544 latenter
889 2489 923 2544 ab
937 2488 1053 2560 reliquis
1065 2487 1201 2559 perlectos
1215 2488 1365 2554 docebant,

219 2576 265 2634 his
280 2577 324 2634 vel
342 2578 461 2634 maxime
479 2579 618 2635 traderent
636 2595 667 2635 ea
682 2578 784 2651 quibus
801 2579 883 2634 etiarn
902 2578 976 2649 ipsas
995 2579 1127 2635 ecclesias
1147 2576 1366 2634 committebant.

219 2666 303 2722 Valde
320 2668 395 2722 enim
413 2666 549 2738 perlectos
566 2677 594 2723 ct
613 2669 873 2740 irreprehensibiles
891 2669 918 2724 in
936 2669 1066 2724 omnibus
1085 2683 1132 2724 eos
1145 2667 1275 2723 volebant
1292 2681 1367 2733 esse,

219 2773 289 2828 quos
307 2767 335 2813 et
352 2772 528 2813 successores
548 2757 758 2826 relinquebant,
777 2775 857 2814 suum
879 2758 1003 2829 ipsorum
1025 2758 1115 2813 locum
1137 2755 1288 2827 magisterii
1311 2765 1368 2811 tra·

219 2846 317 2901 dentes
340 2846 471 2916 :quibus
494 2847 638 2901 emendate
660 2848 805 2918 agentibus
830 2846 891 2919 (ll,
913 2847 992 2902 steret
1014 2862 1111 2919 magna
1135 2845 1259 2910 utilitas,
1282 2845 1368 2916 lapsis

220 2944 314 2992 autern
335 2952 444 2992 summa
469 2936 621 2992 calamitas.
648 2935 700 2992 Sed
723 2936 851 3008 quoniam
875 2936 955 2992 valde
982 2937 1094 3008 longum
1117 2945 1161 2992 est
1186 2935 1214 2990 in
1241 2935 1294 2991 hoc
1318 2936 1367 2991 tali

219 3026 360 3082 volumine
386 3026 510 3082 omnium
536 3026 717 3082 ecclesiarum
742 3043 906 3083 enumerare
932 3028 1142 3094 successioucs;
1170 3027 1310 3092 maximae,
1339 3036 1368 3084 ct

219 3115 438 3188 antiquissimae,
463 3126 490 3173 et
512 3116 640 3175 omnibus
664 3117 796 3192 cognitae,
820 3134 835 3172 a
856 3118 1067 3191 gloriosissimis
1092 3118 1200 3175 duobus
1224 3118 1366 3190 Apostolis

219 3207 301 3264 Petro
318 3216 346 3263 ct
362 3208 448 3262 Paulo
465 3207 558 3263 Romae
575 3206 697 3262 lundanae
713 3216 741 3263 ct
759 3207 917 3263 constitutae
938 3208 1084 3275 Ecclesiae,
1102 3224 1163 3264 eam
1181 3224 1265 3280 quam
1285 3208 1368 3265 habet

219 3297 254 3353 ab
271 3296 412 3369 Apostolis
435 3297 628 3364 traditionem,
642 3306 670 3353 et
683 3298 874 3353 annuntiatam
894 3298 1052 3355 hominibus
1072 3297 1168 3365 fidem,
1185 3314 1235 3370 per
1254 3314 1366 3355 succes-

252 3449 296 3515 (1)
313 3451 405 3501 Notum
421 3459 459 3502 est
475 3451 630 3508 bulherum,
648 3467 728 3517 quum
745 3451 864 3518 Epistola
881 3452 908 3501 S.
924 3450 1010 3503 Jacobi
1028 3450 1178 3502 auctoritate
1195 3459 1368 3517 premeretur,

218 3547 274 3584 eam
290 3532 375 3583 statim
393 3531 517 3584 librorum
533 3549 663 3585 sacrorum
679 3549 776 3584 canone
792 3532 957 3601 expunxisse;
976 3540 1038 3583 teste
1054 3532 1164 3593 Irenaeo,
1180 3541 1254 3584 vetus
1269 3540 1307 3583 est
1322 3531 1369 3585 istc

221 3615 400 3667 hoereticorum
412 3631 474 3665 mos.

253 3696 301 3764 (Ξ)
321 3696 392 3757 Quod
412 3696 515 3763 quidem
534 3697 695 3749 verissimum
714 3704 766 3757 est,
786 3706 817 3749 ut
836 3713 894 3748 mox
911 3696 1028 3749 dicturus
1048 3705 1086 3748 est
1107 3696 1161 3763 ipse
1181 3695 1305 3758 irenaeus,
1326 3696 1369 3748 scd

219 3777 320 3829 diverso
337 3794 441 3846 prorsus
452 3794 528 3830 sensu
536 3793 543 3841 ;
552 3779 665 3830 Gnostici
677 3780 746 3830 enim
757 3779 881 3831 occultam
893 3779 1030 3847 quamdam
1045 3787 1070 3830 et
1083 3777 1195 3846 ignotam
1206 3778 1368 3830 traditionem

219 3858 403 3911 obtrudebant.

255 3942 299 4006 (3)
312 3943 344 3994 Ut
359 3949 444 4008 postea
456 3940 610 4004 videbimus,
623 3944 709 3995 cadem
727 3944 823 3994 somnia
839 3943 973 3995 venditant
989 3941 1064 3993 hodie
1080 3941 1186 4009 plurimi
1199 3949 1368 4009 protestantes

219 4024 347 4089 germani,
358 4040 433 4091 quos,
447 4039 505 4076 aum
517 4025 610 4076 lrenoao
624 4029 697 4091 (ibid.
709 4041 732 4076 c.
744 4031 756 4075 l
766 4026 787 4090 ),
798 4028 963 4076 emendatores
974 4026 1147 4090 Apostolorum
1159 4024 1227 4075 haud
1240 4024 1367 4077 immerito

220 4103 325 4156 dixeris.

258 4189 303 4252 (l)
320 4187 420 4239 Plurasis
437 4188 490 4239 haec
506 4188 591 4241 minus
608 4190 741 4258 perspicua
763 4188 873 4241 ridetur.
893 4189 918 4238 S.
937 4189 1047 4242 irenaeus
1063 4189 1147 4241 Graece
1163 4188 1293 4258 scripserit
1309 4203 1315 4238 z
1333 4186 1365 4236 ὡν

221 4273 405 4339 κατορθουντων
415 4294 448 4315 =
456 4272 547 4336 paribus
559 4288 659 4323 munere
670 4289 713 4324 sno
723 4273 799 4337 probe
810 4271 982 4337 snnpentibns.
