3166 5168
369 368 429 429 tan
596 382 738 428 uacuasm
752 382 884 428 rouutos
904 382 1014 427 aunum
1027 382 1066 427 ae
1081 382 1270 428 uenenarun.

366 544 449 602 quam
471 529 574 601 optimo
592 528 655 600 jure
673 528 803 586 aiebatS.
821 530 943 585 lrenaans
965 529 1110 585 veritatem
1123 544 1232 585 omnem
1251 545 1284 586 ac
1308 528 1395 586 vitam
1421 549 1512 604 penes

365 620 438 675 hanc
467 628 609 675 externam
625 618 729 674 Christi
750 620 903 676 Ecclesiam
926 634 989 676 esse
1015 633 1047 673 ac
1074 628 1209 690 perpetuo
1231 634 1361 687 manere,
1383 621 1514 694 adeoque

365 711 400 767 ab
422 725 453 768 ea
473 711 554 781 plene
575 710 680 781 accipi,
702 709 854 767 etidcirco
882 709 982 780 cuique
1001 724 1117 765 neccsse
1142 725 1197 765 non
1222 725 1284 766 esse
1307 719 1338 765 ut
1364 711 1444 767 illam
1465 715 1511 770 vel

364 801 437 872 apud
458 799 527 856 alios
551 808 656 871 quaerat
675 799 719 854 vel
741 800 824 855 etiam
843 797 1000 870 Scripturas
1022 798 1095 872 legat
1110 815 1117 853 :
1130 797 1197 869 qnid
1216 799 1290 853 enim
1309 815 1378 871 opus
1402 811 1449 858 est
1468 803 1512 858 illi

364 887 523 961 Scripturas
546 905 659 946 versare
682 900 765 960 atque
787 905 822 945 ex
847 890 892 945 his
914 888 1023 945 Domini
1050 888 1177 943 instituta
1205 897 1344 960 repetere,
1378 891 1429 961 qni
1451 893 1512 964 jam

365 978 503 1055 integram
519 988 595 1037 tenet
608 978 712 1036 Christi
735 975 954 1036 revelationem?
981 978 1113 1047 Quamvis
1131 979 1237 1052 igitur,
1264 989 1295 1035 ut
1316 979 1410 1051 inquit
1435 980 1512 1037 idem

365 1069 485 1128 eximius
508 1070 603 1138 Pater,
629 1070 721 1126 nullas
751 1070 875 1142 Apostoli
910 1069 1069 1140 Scripturas
1093 1069 1174 1126 nobis
1199 1069 1397 1140 reliquissent,
1439 1071 1512 1128 nibil

365 1171 459 1220 tamen
483 1162 630 1218 christiani
652 1161 787 1234 dogmatis
809 1177 842 1216 ac
863 1160 1017 1232 spiritualis
1042 1160 1106 1215 vitan
1131 1159 1211 1215 nobis
1229 1159 1374 1216 defuisset.

400 1253 436 1310 Aa
446 1268 512 1310 vero
526 1252 573 1308 ubi
587 1252 773 1308 christianum
787 1265 850 1306 eum
865 1267 947 1322 quem
960 1250 1041 1306 modo
1052 1250 1212 1306 dicebamus
1223 1266 1337 1306 sensum
1358 1266 1392 1306 ex
1411 1251 1510 1308 Eccle-

363 1343 413 1409 siae
427 1342 605 1399 institutione
629 1352 775 1398 assecutus
795 1351 838 1397 est
861 1342 955 1408 homo,
975 1358 1036 1414 quae
1059 1342 1088 1396 in
1107 1341 1260 1412 Scripturis
1277 1341 1417 1396 habentur
1435 1342 1510 1399 baud

363 1432 512 1490 difficulter
537 1431 672 1505 percipit3
694 1443 721 1488 et
746 1447 828 1503 porro
841 1432 866 1487 si
888 1448 949 1503 quae
971 1431 1041 1488 iorte
1063 1431 1104 1487 illi
1123 1431 1290 1502 objiciantur
1303 1431 1371 1487 lalsa
1388 1440 1510 1503 atqnea

363 1521 469 1580 Christi
491 1522 660 1579 revelatione
674 1538 788 1594 prorsus
807 1523 897 1577 aliena
923 1522 1066 1596 dogmata,
1086 1538 1151 1578 mox
1169 1522 1342 1579 exhorrescit
1360 1539 1393 1579 ac
1409 1526 1508 1581 vesani

362 1613 468 1690 ingenii
491 1622 646 1670 commenta
668 1623 810 1684 tamquam
830 1612 938 1668 intimis
955 1612 1041 1667 animi
1061 1627 1093 1667 ac
1111 1612 1289 1668 conscientian
1311 1614 1406 1670 sensis
1423 1630 1508 1687 repu-

361 1706 474 1782 gnantia
497 1705 625 1777 protinus
639 1703 756 1776 respuit.
777 1701 857 1769 Quod
876 1701 988 1773 quidem
1011 1711 1184 1774 postremum
1197 1704 1328 1774 praeclare
1338 1704 1434 1778 attigit
1452 1706 1508 1760 lre-

361 1809 440 1854 naeus
453 1797 487 1852 de
512 1795 569 1852 illis
591 1795 702 1851 loeutus
718 1792 765 1864 qui
784 1791 936 1863 Scripturis
952 1807 1006 1847 non
1022 1792 1191 1848 utebantur:
1210 1793 1311 1847 ullane
1328 1793 1429 1861 fidem,
1450 1795 1506 1859 ait,

361 1886 490 1959 quisine
516 1885 618 1942 litteris
641 1882 834 1948 erediderunt,
849 1890 983 1953 quantum
1001 1882 1036 1936 ad
1056 1898 1212 1938 sermonem
1232 1892 1374 1950 nostrum,
1393 1884 1506 1941 barbari

361 1985 441 2046 sunt,
464 1986 599 2048 quantum
628 1975 663 2031 ad
688 1972 855 2030 sententiam
881 1980 909 2027 et
936 1973 1166 2029 consuetudinem
1193 1982 1222 2029 et
1246 1973 1505 2039 conversationem,

361 2079 474 2143 propter
488 2067 570 2124 iidem
590 2081 722 2139 perquam
735 2061 935 2135 sapientissimi
949 2071 1029 2128 sunt,
1049 2072 1077 2119 et
1095 2063 1204 2134 placent
1220 2063 1292 2131 Deo,
1306 2074 1507 2122 conversantes

361 2158 390 2216 in
404 2160 480 2215 omni
492 2157 603 2230 justitia
624 2165 652 2212 et
674 2153 802 2210 castitate
814 2161 842 2208 et
855 2151 1001 2224 sapientia.
1021 2151 1129 2221 Quibus
1143 2154 1167 2208 si
1180 2153 1282 2224 aliquis
1294 2153 1507 2210 annuntiaverit

362 2264 394 2305 ea
413 2264 474 2321 quae
488 2246 523 2303 ab
536 2247 675 2302 haereticis
687 2244 836 2300 adinventa
847 2251 929 2308 sunt,
946 2243 1058 2315 proprio
1075 2259 1203 2300 sermone
1216 2259 1313 2300 eorum
1326 2245 1507 2316 colloquens,

362 2340 457 2394 statim
478 2337 662 2393 concludentes
679 2352 777 2404 aures,
796 2337 905 2407 langius
917 2335 1038 2405 fugient,
1064 2352 1097 2390 ne
1109 2337 1207 2391 audire
1219 2337 1327 2406 quidem
1341 2340 1507 2392 sustinentes

362 2428 547 2500 blasphemum
560 2428 712 2498 alloquium
722 2426 770 2501 (l).
786 2445 800 2478 u
821 2424 968 2481 Enimvero
980 2442 1066 2496 quum
1080 2427 1182 2498 aliquis
1196 2427 1281 2498 probe
1300 2427 1451 2485 institutus
1465 2438 1507 2485 est

362 2537 395 2578 ac
412 2519 588 2577 firmissimas
611 2519 640 2574 in
653 2515 861 2575 christianismo
881 2514 988 2571 radices
1011 2515 1079 2589 egit,
1099 2515 1203 2572 Christi
1217 2516 1329 2572 decreta
1349 2519 1412 2589 ipsa
1425 2535 1507 2575 meus

363 2611 469 2683 ejusne
485 2610 541 2667 vita
562 2617 723 2676 eraserunt,
747 2622 808 2679 quae
831 2604 966 2663 simulac
988 2605 1149 2680 impugnes,
1175 2606 1265 2678 ipsius
1284 2606 1370 2662 vitam
1390 2607 1507 2681 impetis

363 2701 573 2774 perturbasque.

399 2789 534 2863 Atqueut
555 2806 669 2848 sensum
687 2790 768 2847 illum
793 2789 875 2861 plane
900 2786 1084 2844 christianum
1107 2786 1137 2841 in
1163 2785 1276 2841 homine
1299 2784 1418 2854 efficiat,
1451 2804 1506 2844 non

365 2891 471 2938 rectam
496 2881 577 2938 modo
594 2880 765 2949 doctrinam,
788 2879 837 2936 sed
851 2888 879 2936 et
896 2879 1012 2953 gratiam
1032 2876 1157 2949 impertit
1170 2874 1303 2930 Ecclesia.
1317 2874 1415 2946 Neque
1429 2878 1507 2933 enim

362 2970 552 3044 philosophiae
571 2982 690 3046 systema
704 2981 748 3027 est
760 2969 864 3026 Christi
879 2969 1010 3026 revelatio
1020 2967 1093 3040 quod
1107 2967 1141 3022 ad
1152 2967 1243 3022 solum
1256 2975 1363 3037 spectet
1376 2966 1508 3025 intellec·

363 3070 437 3128 tum;
451 3078 561 3128 verum,
577 3072 607 3118 ut
619 3060 756 3126 diximus,
771 3061 909 3133 integrum
922 3060 1029 3132 erigere
1040 3057 1122 3113 debet
1143 3056 1294 3112 homiuem.
1315 3054 1507 3123 Quamobrem

360 3140 419 3226 jam
451 3160 526 3208 certe
553 3151 619 3207 dum
651 3151 775 3206 Ecclesia
801 3149 924 3205 externis
953 3148 1069 3205 vocibus
1102 3148 1230 3204 homines
1259 3147 1370 3213 edocet,
1397 3148 1506 3207 Christi

361 3236 483 3314 Spiritus
502 3241 618 3297 interius
631 3249 751 3297 mentem
773 3238 959 3295 illuminatae
978 3239 1149 3296 voluntatem
1163 3239 1281 3294 inllectit
1300 3248 1332 3294 ut
1353 3242 1508 3312 propositae

361 3331 495 3389 doctrinae
525 3332 632 3388 firmam
661 3331 793 3387 adhibeat
816 3329 908 3387 iidem.
935 3330 970 3386 At
992 3339 1092 3402 praeter
1119 3329 1189 3385 illud
1211 3330 1337 3386 divinum
1367 3332 1509 3390 auxilium

361 3602 364 3607 .
391 3539 439 3606 (1)
453 3542 578 3591 Adversus
591 3541 677 3591 ltoerss.
689 3537 736 3589 lib.
748 3539 795 3600 lll,
808 3554 830 3589 c.
840 3538 968 3589 a.—llaec
980 3544 1079 3596 autem,
1092 3532 1161 3602 quod
1173 3533 1204 3584 ad
1216 3535 1411 3602 Scripturarum
1428 3537 1509 3591 intel·

357 3621 452 3674 lectum
469 3621 575 3683 attinet,
595 3629 663 3672 rcctc
685 3628 757 3671 notat
776 3618 905 3670 Moehler:
925 3619 990 3668 ube
1011 3615 1128 3684 principe
1150 3617 1331 3684 communique
1348 3617 1407 3669 d'en
1426 3620 1507 3681 haut,

357 3702 484 3755 l’ailiance
501 3719 561 3756 avec
580 3701 724 3770 l'apostolat
742 3699 890 3769 perpetuel,
911 3698 1062 3750 l'dducation
1083 3705 1108 3748 el
1123 3696 1148 3749 la
1167 3699 1208 3750 vie
1224 3697 1288 3750 dans
1302 3692 1407 3767 l'Cglise
1429 3702 1509 3756 deve-

356 3782 463 3853 loppent
476 3803 513 3836 un
536 3801 593 3837 sens
604 3783 799 3853 prolondement
816 3781 954 3842 inlericnr,
967 3798 1004 3832 un
1020 3781 1159 3833 sentiment
1170 3798 1264 3850 propre
1284 3782 1335 3833 iaia
1353 3787 1508 3854 perception

356 3863 388 3916 de
410 3865 435 3916 la
454 3867 539 3933 parole
557 3866 650 3929 e'crite3
670 3882 714 3917 car
736 3864 755 3916 il
779 3863 877 3932 repond
897 3864 911 3915 'a
928 3863 1034 3932 l’Esprit
1050 3864 1095 3931 qui
1116 3880 1130 3914 a
1150 3863 1217 3915 dicte
1242 3865 1279 3916 les
1299 3866 1390 3918 Livres
1412 3870 1506 3923 saints.

355 3947 468 4013 Lorsque
478 3947 502 3997 le
513 3947 587 3999 fidele
598 3949 630 4001 lit
641 3948 678 3999 les
689 3941 818 4000 Ceritures
829 3963 889 3998 avec
901 3954 965 3998 cette
981 3946 1142 4014 disposition,
1156 3946 1193 3996 les
1209 3946 1303 3999 veritis
1321 3949 1432 4016 qu'elles
1445 3969 1508 4004 ren-

354 4027 466 4080 fcrment
480 4038 582 4096 passent
598 4032 662 4082 dans
675 4047 721 4082 son
735 4030 898 4097 intelligence
916 4045 974 4080 sans
987 4043 1087 4080 aucune
1104 4027 1239 4080 alteration
1254 4030 1415 4094 essentielle;
1430 4033 1450 4085 il
1462 4052 1507 4102 ya

353 4112 428 4179 plus,
450 4111 538 4180 quand
553 4129 598 4163 son
613 4113 694 4180 esprit
708 4121 735 4166 et
755 4129 801 4164 son
818 4128 889 4164 coeur
907 4119 953 4162 ont
969 4110 1009 4162 e'te
1024 4108 1117 4161 tarmes
1136 4109 1199 4162 dans
1215 4104 1329 4178 l’Cglise,
1346 4112 1365 4162 il
1382 4114 1428 4165 n'a
1446 4117 1507 4184 plus

353 4210 439 4245 aucun
459 4194 548 4246 besoin
566 4193 598 4246 de
615 4188 750 4247 l'Ecriture
764 4211 831 4263 pour
849 4210 881 4248 en
894 4194 968 4246 saisir
984 4193 1021 4246 les
1036 4191 1121 4247 divins
1137 4193 1348 4261 enseignements.
1362 4211 1378 4245 n
1388 4198 1506 4262 symbol.

352 4275 745 4346 ml,§aa,tom.ll,p.as.
