3166 5168
269 370 307 412 ou
328 368 466 412 uccnesra
488 365 621 410 rorunos
642 364 832 410 turonuxnrn
853 368 891 411 xc
913 368 1059 412 necessu.
1171 356 1231 415 tos

91 515 266 581 institutum,
280 514 355 570 nulla
369 514 512 570 hominum
522 511 632 568 Christo
642 511 890 568 adhaerescentium
901 529 1030 586 germana
1040 517 1231 590 congregatim

92 607 195 677 ubique
219 605 373 678 singulares
400 604 570 678 singularem
591 612 674 673 atque
695 601 795 672 quovis
815 604 956 661 societatis
980 606 1091 662 vinculo
1116 607 1231 663 liberam

39 743 44 752 .
91 707 205 772 agentes
217 697 302 753 vitam
322 703 471 752 occurrunt
485 694 626 759 bomines;
647 692 751 762 ubique
770 693 888 764 quisque
908 695 962 751 sibi
982 696 1113 768 magister
1125 706 1153 754 et
1176 698 1231 753 dux

91 788 224 856 habetur;
242 788 345 858 ubique
358 787 439 859 plane
456 784 615 841 dominatur
637 783 890 840 individualismus.
912 786 1006 857 ltaque
1019 793 1111 841 stante
1123 795 1232 857 protes-

91 881 210 936 tantium
225 878 379 950 principio,
392 884 503 933 corruat
517 889 632 931 necesse
646 883 689 930 est
701 873 847 930 aedificium
860 875 1061 941 christianum,
1075 884 1104 931 et
1116 891 1232 931 summae

91 969 282 1042 repugnantiae
303 975 346 1024 est
361 966 513 1038 quamlibet
528 965 688 1020 societatem
706 965 835 1036 quopiam
848 976 927 1037 pacto
942 966 1014 1021 tueri
1030 965 1117 1032 velle,
1131 982 1185 1037 quo
1200 966 1232 1021 srt

92 1070 123 1116 ut
139 1058 324 1132 pulcherrima
339 1057 384 1112 illa
402 1055 606 1112 christianismi
618 1054 739 1120 indoles,
763 1071 845 1127 quam
871 1058 1018 1111 socialismi
1031 1056 1144 1112 nomine
1157 1066 1232 1111 recte

91 1152 213 1223 appellat
228 1150 268 1207 Cl.
292 1150 351 1206 llon
365 1149 436 1222 Drey
458 1144 512 1221 (l),
532 1161 646 1218 prorsus
661 1146 696 1201 de
714 1145 804 1202 medio
823 1147 947 1212 tollatur,
962 1147 1015 1218 ipsi
1034 1156 1136 1212 autem,
1150 1161 1232 1217 quam

92 1242 211 1296 maxima
224 1241 327 1311 inJuria
341 1239 526 1310 inscitiaque,
540 1245 713 1308 supponatur
729 1235 808 1292 rudis
821 1236 874 1291 iste
886 1252 919 1292 ae
937 1237 1062 1291 insulsus
1075 1235 1233 1291 individua-

93 1332 192 1387 lismus
207 1331 336 1386 omnibus
357 1338 464 1384 naturae
478 1344 511 1384 ac
531 1326 673 1382 societatis
687 1326 795 1399 legibus
814 1342 981 1399 repugnans.

129 1422 224 1492 Neque
242 1437 322 1487 vero,
337 1429 367 1476 ut
385 1421 457 1475 hanc
474 1419 635 1489 probrosam
649 1425 742 1472 notam
756 1417 899 1490 effugiant,
914 1419 943 1473 in
956 1420 1000 1474 sul
1013 1417 1172 1490 praesidium
1185 1419 1234 1475 ad-

92 1522 192 1569 vocent
210 1513 341 1568 Ecclesiae
360 1527 410 1567 seu
427 1510 585 1566 christianae
608 1508 748 1564 societatis
771 1508 916 1578 eujusdam
934 1510 1082 1565 invisibilis
1102 1508 1233 1580 speciem.

93 1602 269 1675 Ingeniosum
296 1617 362 1657 sane
384 1601 527 1657 inventum
547 1600 717 1674 dignumque
736 1600 809 1670 quod
832 1601 1008 1671 sempiternae
1027 1600 1236 1656 commendetur

93 1691 249 1748 memorial
267 1691 357 1759 Quid,
372 1706 478 1762 quaeso,
491 1690 533 1745 rei
547 1699 589 1744 est
608 1690 726 1746 societas
739 1690 881 1744 bominum
897 1676 1046 1746 invisibilis
1062 1706 1123 1761 quae
1136 1707 1152 1745 a
1167 1690 1235 1746 visi-

92 1783 143 1839 bili
156 1783 242 1839 veluti
255 1799 271 1837 a
285 1798 335 1838 suo
348 1780 484 1854 principio
498 1796 553 1835 non
568 1788 659 1834 sumat
672 1779 816 1834 exordium
837 1780 981 1852 eidemque
995 1797 1076 1851 porro
1090 1795 1145 1835 non
1161 1779 1235 1834 inui-

93 1871 184 1929 tatur?
198 1873 332 1944 Equidem
353 1872 409 1927 nisi
426 1886 489 1926 caro
508 1880 535 1925 et
555 1869 669 1942 sanguis
682 1869 762 1925 nobis
783 1878 892 1936 essent,
912 1870 1023 1940 assequi
1038 1869 1107 1925 lorte
1125 1884 1235 1940 possem

94 1963 160 2035 quid
179 1964 217 2020 sit
232 1964 306 2019 inter
324 1961 452 2017 homines
475 1960 593 2016 societas
610 1960 775 2026 invisibilis,
787 1969 891 2016 'verum
908 1960 1039 2031 quamdiu
1056 1960 1125 2015 mihi
1144 1968 1235 2015 ratum

94 2053 235 2125 fixumque
248 2051 395 2107 habebitur
412 2067 467 2106 nou
481 2051 574 2106 anima
586 2060 695 2106 tantum
708 2050 758 2106 sed
772 2060 800 2107 et
813 2066 927 2122 corpore
937 2050 1078 2106 bominem
1092 2059 1234 2116 constare,

93 2145 214 2217 ingenue
226 2143 359 2199 confiteor
372 2157 416 2197 me
426 2142 495 2197 nihil
510 2142 551 2196 rei
565 2141 698 2197 invisibili
709 2141 765 2206 isti,
778 2157 860 2212 quam
868 2141 995 2211 jactitas,
1010 2143 1134 2198 ecelesiae
1146 2141 1236 2197 socie·

94 2236 180 2291 tative
195 2233 324 2308 affingere
343 2248 438 2305 posse,
458 2247 575 2303 eamque
590 2231 695 2288 interea
714 2232 847 2304 temporis
865 2232 1020 2288 arbitrabor
1033 2247 1141 2287 merum
1159 2246 1236 2287 corn-

94 2333 219 2379 mentum
232 2324 377 2379 bominum
390 2331 478 2378 semet
492 2338 547 2378 non
561 2323 787 2397 intelligentium.
806 2323 950 2394 Ejusmodi
969 2322 1116 2378 ecclesiam
1137 2321 1234 2377 invisi-

93 2414 178 2471 bilem
200 2414 317 2470 irrident
335 2415 418 2470 etiam
436 2413 582 2469 nobiscum
594 2429 676 2485 quam
691 2414 803 2484 plurimi
830 2422 1014 2485 protestantes
1031 2413 1152 2484 theologi
1175 2409 1232 2484 (E).

131 2505 198 2573 Quae
221 2522 308 2577 quum
337 2506 375 2561 ita
401 2505 472 2572 sint,
493 2521 602 2560 mecum
628 2505 741 2561 fatearis
772 2514 881 2576 oportet
912 2503 1235 2577 pseudorelormationis

94 2597 262 2668 principium
282 2613 317 2651 ne
336 2612 399 2652 cum
419 2596 480 2651 idea
494 2597 606 2667 quidem
620 2594 779 2650 christianae
801 2594 934 2650 Ecclesiae
945 2609 994 2649 seu
1008 2593 1150 2649 societatis
1163 2608 1236 2648 com-

94 2687 159 2758 poni
182 2687 239 2741 ullo
256 2694 335 2755 pacto
355 2700 446 2754 posse.
460 2685 495 2738 Et
507 2700 573 2740 vero
587 2684 611 2739 si
630 2683 776 2739 methodus
796 2699 879 2754 quam
899 2684 928 2738 in
942 2683 1075 2756 religione
1088 2681 1236 2738 tenendam

93 2773 238 2829 existimas
260 2773 294 2828 ad
320 2781 419 2827 caetera
439 2773 532 2827 omnia
554 2774 820 2840 accommodaretur,
843 2789 908 2830 mox
929 2774 1052 2830 omniunt
1071 2774 1236 2829 societatum

94 2864 280 2918 humanarum
297 2862 406 2917 vincula
427 2863 601 2918 solverentur
617 2861 747 2934 orbisque
762 2864 909 2920 universus
934 2863 1012 2920 brevi
1033 2864 1062 2918 iu
1084 2865 1236 2936 perniciem

93 2963 199 3010 rueret.
219 2952 289 3020 Quis
305 2961 399 3008 tamen
417 2952 520 3008 dixerit
532 2952 706 3008 auctoritatis
727 2954 896 3026 principium
913 2955 1102 3010 necessarium
1125 2970 1187 3010 esse
1208 2955 1238 3010 in

93 3044 129 3099 iis
148 3060 209 3115 quae
233 3043 351 3099 minoris
375 3043 508 3099 momenti
532 3052 612 3110 sunt,
633 3059 688 3099 nou
708 3059 773 3101 vero
797 3044 826 3100 in
852 3045 887 3101 iis
907 3061 969 3116 quae
988 3045 1101 3100 maximi
1122 3062 1184 3102 esse
1200 3046 1235 3103 ab

93 3133 222 3190 omnibus
237 3130 443 3205 agnoscuntur?
474 3131 543 3199 Quis
564 3133 665 3189 dixerit
692 3133 1065 3191 individualismidecretum
1084 3151 1182 3191 verum
1203 3152 1236 3191 ac

92 3225 212 3281 maxime
225 3221 475 3279 commendandum
489 3223 518 3278 iu
532 3224 615 3280 rebus
631 3225 748 3292 divinis,
769 3243 824 3282 nou
842 3228 871 3281 in
889 3227 1020 3282 humanis
1035 3242 1067 3283 ac
1083 3224 1234 3283 civilibus?

93 3315 171 3370 Hanc
181 3316 328 3386 utriusque
342 3314 449 3370 ordinis
460 3314 694 3370 necessitudinem
704 3317 906 3388 aliquantulum
919 3318 1060 3388 perspexit
1069 3316 1143 3371 idern
1152 3332 1235 3387 quem

92 3405 173 3460 modo
196 3405 344 3460 allerebam
364 3405 530 3471 Russavius,
557 3394 624 3460 dum
647 3407 792 3462 constituit
816 3406 976 3462 societatem
1000 3421 1175 3477 nequaquam
1201 3421 1235 3460 ex
1329 3422 1333 3432 ¹

92 3495 214 3552 bominis
233 3503 333 3551 natura
357 3512 390 3552 ac
412 3496 626 3552 necessitatibus
652 3497 726 3565 erui,
757 3496 806 3554 sed
822 3498 913 3554 solum
932 3512 966 3552 ex
985 3505 1065 3567 pacto
1090 3494 1234 3551 hominum

122 3700 152 3762 (l
165 3701 173 3764 )
185 3703 229 3750 Die
240 3699 394 3763 Apoloqetilt,
406 3697 466 3748 drit.
480 3699 524 3749 bd.
537 3718 563 3767 p.
577 3706 603 3751 7.

122 3784 160 3846 (a)
178 3782 253 3832 Circa
282 3781 354 3831 illam
374 3780 428 3831 brec
449 3789 516 3832 recte
536 3780 669 3833 adnotavit
684 3782 791 3849 quidam
808 3799 839 3834 ex
858 3781 1062 3851 protestantibus
1086 3780 1237 3850 theologus:

91 3881 106 3913 a
118 3866 163 3914 Les
174 3867 386 3914 intellectualitates
401 3879 498 3913 comme
514 3862 550 3912 les
561 3867 696 3929 Myrtiqoes
710 3872 756 3915 ont
768 3872 825 3916 tant
835 3865 894 3916 reve
905 3864 982 3915 d'une
1002 3855 1086 3931 Eglise
1104 3864 1236 3925 invisible,

88 3965 139 4013 que
151 3940 253 4015 l’Eglise
270 3946 360 3998 visible
374 3963 406 3996 en
428 3953 466 3996 est
483 3945 597 3996 devenue
614 3962 724 4013 presque
745 3947 880 4009 invisible,
903 3954 980 4000 avant
996 3946 1091 4014 qu'une
1113 3947 1182 3998 seule
1198 3962 1238 3998 co·

88 4030 166 4081 lonne
183 4029 214 4081 de
232 4029 371 4083 l'invisible
389 4045 415 4079 se
430 4029 542 4080 montrit
557 4028 572 4078 'a
588 4028 649 4079 l’oeil
667 4028 698 4079 de
718 4029 907 4097 l'intelligence.
920 4026 1030 4095 L’Eplise
1049 4031 1164 4080 invisible
1181 4035 1239 4090 peut

88 4116 159 4162 aursi
175 4129 224 4176 pert
240 4112 359 4162 subsistcr
374 4127 419 4161 sur
435 4113 461 4160 lo
477 4118 543 4160 terre
560 4126 621 4160 sons
637 4106 737 4175 l'quise
754 4111 841 4162 visible
857 4128 903 4176 que
918 4111 990 4162 l'dme
1008 4129 1067 4164 raas
1087 4115 1110 4163 le
1125 4125 1205 4173 corpe.
1224 4124 1239 4158 rr

89 4191 399 4253 Pustltuchen-Glanzort,
426 4196 469 4243 Die
495 4193 743 4258 Wiederheratellunp
765 4195 807 4244 dea
831 4197 914 4246 echtcn
936 4196 1173 4252 Protectontt'amttr,
1197 4207 1238 4258 ap.

89 4274 278 4342 Hoeninghaus,
290 4280 325 4328 Lo
339 4276 448 4341 risorme
459 4282 543 4328 contre
555 4278 581 4326 lo
592 4274 713 4341 reforma,
725 4283 786 4328 tom.
799 4277 824 4338 Ι,
837 4293 862 4344 p.
875 4282 899 4328 9.
