3150 5160
345 345 404 404 101
658 357 775 402 mouns.
800 357 887 402 curn.
911 357 984 400 nou.
1007 356 1165 400 noornmu.

342 495 501 570 magisterio
515 495 591 550 illam
611 495 727 566 populos
742 495 891 560 edoceant,
908 503 1037 550 caventes
1055 494 1109 565 ipsi
1129 508 1164 548 ne
1182 492 1248 564 quid
1269 508 1389 565 uuquam
1406 495 1442 552 de
1456 511 1489 551 ea

342 586 491 653 detrahant
511 594 560 642 aut
585 584 676 641 eidem
697 585 838 656 adjiciant.
865 584 945 652 Quod
968 584 993 640 si
1016 584 1079 655 quis
1103 585 1202 656 dogma
1228 583 1293 639 huic
1317 586 1490 642 contrarium

342 678 467 749 recipere
485 685 534 732 aut
552 676 652 732 dooere
670 675 896 748 praesumpserit,
916 676 1011 731 statim
1030 674 1231 732 condemnatur
1250 682 1334 745 atque
1354 691 1370 730 a
1392 675 1490 732 catho-

343 766 461 824 licorum
479 764 618 821 consortio
637 765 746 822 alienus
763 765 931 822 declaratur.
951 765 1051 839 lgitur,
1068 775 1100 821 ut
1118 765 1202 821 verbo
1219 764 1326 830 dicam,
1342 765 1386 821 via
1404 781 1489 837 quam

344 859 373 915 in
391 856 526 930 religione
542 864 684 912 sectantur
701 856 829 912 catholici
846 864 890 912 est
903 857 985 929 plane
1002 855 1187 912 institutionis
1205 864 1233 911 et
1246 855 1431 914 auctoritatis.

380 948 423 1003 hu
438 961 504 1003 vero
521 944 582 1001 haec
597 944 766 1002 Tridentinae
783 947 880 1021 synodi
898 947 1034 1019 principia
1051 963 1106 1004 non
1122 946 1247 1018 apprime
1259 947 1436 1003 consentiant
1452 946 1489 1004 iis

343 1036 530 1111 quae-ubique
550 1035 581 1091 in
598 1037 711 1108 antiqua
733 1036 857 1094 Ecclesia
879 1036 1046 1094 ollendimus
1064 1035 1138 1092 haud
1156 1035 1269 1092 difficile
1290 1045 1333 1093 est
1350 1038 1488 1109 judicatu.

344 1127 481 1200 Utrinque
497 1126 604 1184 scilicet
627 1127 724 1182 eadem
740 1127 865 1184 cernitur
882 1127 1021 1194 doctrina,
1041 1127 1137 1184 eadem
1157 1126 1269 1197 penitus
1286 1127 1408 1184 occurrit
1427 1143 1489 1183 me-

345 1218 456 1277 thodus.
476 1217 554 1284 Quod
572 1225 666 1273 autem
685 1217 829 1289 speciatim
848 1217 948 1274 attinet
962 1216 998 1273 ad
1016 1232 1081 1273 eum
1096 1215 1335 1288 interpretationis
1351 1232 1488 1274 canonem

344 1324 429 1380 quem
445 1307 563 1365 sancivit
579 1305 739 1363 Tridentina
759 1308 894 1382 synodus,
914 1316 942 1364 et
959 1323 993 1364 ex
1011 1323 1066 1379 quo
1083 1306 1160 1364 neias
1177 1306 1295 1362 habetur
1314 1305 1489 1378 scripturam

344 1398 522 1471 interpretari
534 1404 629 1454 contra
641 1415 703 1453 eom
715 1414 822 1454 scotum
835 1415 913 1469 quem
926 1399 1013 1454 tenuit
1027 1405 1051 1454 et
1064 1402 1132 1453 tenet
1145 1404 1240 1453 coacto
1252 1405 1340 1452 motor
1352 1397 1487 1464 Ecclesia,

344 1505 483 1564 quemque
499 1497 540 1546 tot
558 1498 586 1546 et
608 1489 693 1546 tantis
711 1488 953 1544 criminationibus
969 1487 1143 1562 exagitarunt
1164 1486 1334 1554 adversarii,
1353 1494 1384 1542 tu
1407 1486 1488 1558 ipsc,

344 1580 449 1653 optime
468 1582 570 1648 lector,
589 1579 681 1648 dicas,
700 1580 800 1648 velim,
820 1589 914 1637 utrum
937 1595 992 1636 non
1010 1578 1045 1635 ad
1063 1578 1198 1634 amussim
1217 1585 1351 1634 consonet
1366 1592 1432 1634 cum
1451 1577 1489 1635 iis

346 1670 491 1744 priucipiis
503 1687 565 1743 quae
577 1671 657 1728 nobis
667 1670 787 1742 priscam
799 1679 907 1727 aetatem
918 1669 1153 1742 perlustrantibus
1163 1678 1296 1741 perpetuo
1306 1669 1386 1725 obvia
1398 1668 1488 1725 luere.

381 1765 418 1823 At
435 1766 494 1822 haec
512 1764 596 1821 nimis
614 1773 709 1836 aperta
724 1773 790 1821 sunt
806 1780 889 1835 quam
903 1772 935 1819 ut
950 1763 979 1818 in
998 1761 1033 1818 iis
1049 1760 1224 1818 illustrandis
1235 1759 1342 1818 diutius
1354 1761 1489 1819 immore-

345 1871 419 1913 mur.
446 1854 513 1913 lnde
533 1870 599 1911 vero
621 1852 767 1910 coniicitur
788 1869 963 1926 nequaquam
987 1851 1139 1927 degeneres
1161 1867 1223 1908 esse
1243 1851 1414 1909 recentiores
1440 1869 1489 1909 ca-

346 1945 477 2014 tholicos,
487 1946 536 2002 sed
550 1953 645 2002 contra
657 1943 793 2016 majorum
804 1943 929 2018 vestigiis
941 1958 1024 2015 quam
1037 1943 1157 1998 maxima
1166 1941 1220 1997 lide
1232 1940 1378 2009 insistere,
1388 1943 1488 1999 eadem

346 2036 453 2093 ratione
471 2033 671 2092 christianismi
688 2034 810 2090 indolem
828 2050 861 2090 ac
883 2043 1011 2091 naturam
1029 2033 1216 2107 intelligentes
1237 2047 1291 2104 qua
1307 2030 1342 2087 ab
1358 2031 1443 2091 initio
1459 2043 1489 2091 et

346 2124 478 2196 deinceps
493 2125 554 2197 ipse
571 2141 603 2182 se
621 2123 766 2181 intellexit.
780 2123 919 2193 Quantum
936 2123 970 2181 ab
987 2124 1039 2181 hac
1055 2123 1186 2183 methodo
1201 2122 1312 2178 aberret
1328 2131 1490 2194 protestan-

347 2213 448 2271 tismus
461 2214 519 2286 jam
536 2215 688 2271 videamus.

801 2613 940 2696 tortu
976 2614 1023 2697 11.

547 2867 761 2910 rnortsrtnrttttt
779 2867 908 2910 ablactata
926 2868 959 2908 DE
978 2866 1128 2909 ttnttolouts
1145 2867 1277 2911 unrubno.

375 3070 453 3128 Utin
467 3080 526 3127 tuto
539 3072 709 3129 collocentur
720 3089 781 3145 quae
794 3074 822 3128 in
835 3081 977 3147 posterum
991 3071 1021 3127 in
1035 3071 1108 3129 hanc
1118 3088 1177 3129 rem
1191 3088 1289 3130 sumus
1300 3072 1487 3146 disputaturi,

346 3161 492 3232 omnisque
511 3160 603 3234 effugii
622 3162 713 3217 aditus
728 3162 926 3233 praecludatur,
944 3163 1157 3234 protestantium
1174 3163 1310 3237 principia
1333 3179 1367 3220 cx
1385 3180 1487 3221 eorum

345 3251 425 3308 libris
442 3251 602 3325 symbolicis
617 3249 821 3322 depromemus.
831 3253 866 3308 lli
877 3268 959 3324 porro
972 3252 1072 3311 docent
1086 3254 1179 3311 omnia
1194 3254 1337 3328 religionis
1352 3254 1487 3310 christia-

345 3359 387 3399 nae
404 3344 531 3418 dogmata
553 3342 582 3398 in
603 3340 754 3414 Scriptnris
776 3343 930 3412 contineri,
952 3344 1116 3401 traditiones
1132 3361 1320 3418 quascumque
1334 3346 1485 3418 rejiciunt,

344 3441 427 3504 atque
443 3431 540 3489 itidem
556 3433 635 3488 aiunt
651 3448 823 3504 nequaquam
837 3449 871 3489 er
883 3434 1014 3493 Ecclesiae
1031 3436 1156 3493 doctrina
1171 3437 1352 3510 judicandum
1369 3453 1432 3494 esse
1448 3439 1487 3496 de

343 3520 549 3594 Scripturarum
565 3523 723 3591 intellectu,
737 3525 786 3581 sed
802 3536 896 3583 contra
912 3526 946 3583 ad
959 3527 1049 3601 ipsius
1063 3526 1213 3601 Scripturas
1228 3543 1353 3585 normam
1369 3528 1486 3603 erigen-

343 3611 406 3669 dam
425 3613 556 3670 Ecclesiae
574 3614 737 3670 doctrinam.

378 3704 409 3760 ln
422 3705 497 3760 hunc
510 3704 620 3760 modum
634 3705 756 3776 loquitur
768 3706 863 3763 Solido
876 3707 1040 3776 Declarotio,
1054 3709 1274 3766 Lutheranorum
1287 3709 1358 3766 liber
1370 3709 1485 3783 symbo-

344 3792 415 3849 licus
429 3809 437 3848 :
453 3792 639 3862 «Credimus,
652 3796 816 3853 confitemur
833 3808 861 3854 et
873 3798 1017 3867 docemus,
1030 3801 1140 3857 unicam
1157 3800 1280 3875 regulam
1296 3810 1324 3856 et
1339 3816 1485 3869 normam,

344 3898 378 3939 ex
400 3899 453 3954 qua
475 3884 567 3939 omnia
588 3886 730 3960 dogmata,
749 3903 901 3961 omnesque
922 3890 1049 3948 doctores
1068 3891 1193 3964 judicare
1214 3898 1352 3962 oporteat,
1375 3890 1485 3946 nullam

343 3973 455 4029 omnino
477 3973 559 4028 aliam
580 3991 659 4041 esse,
682 3992 764 4048 quam
787 3979 947 4050 prophetica
969 3988 997 4036 et
1018 3981 1181 4053 apostolica,
1204 3990 1264 4037 tum
1283 3980 1398 4044 veteris,
1422 3988 1485 4036 tum

342 4064 405 4120 novi
422 4064 591 4120 Testamenti
607 4067 710 4139 scripta
726 4065 785 4142 (1).
800 4089 814 4122 o
832 4069 966 4128 Similiter
981 4071 1124 4129 Confessio
1139 4071 1362 4146 Wittembergica
1377 4072 1460 4129 docet
1476 4089 1484 4127 z

373 4234 413 4297 (1)
425 4237 502 4287 aottd.
515 4236 610 4288 noctur.
623 4237 706 4302 sortita
716 4240 795 4303 atjud.
808 4247 918 4293 controv.
930 4242 945 4308 5
956 4247 984 4303 Ξ,
998 4259 1023 4309 p.
1037 4246 1094 4293 605.
