3150 5160
490 358 620 402 ctuubrts
640 358 877 402 amandandus.
1212 350 1251 408 55

147 507 177 561 ln
197 507 269 560 hanc
285 512 392 569 autem,
410 519 493 575 quam
515 505 628 569 dicunt,
653 503 842 560 difficultatem
868 505 928 560 haec
947 505 1094 564 adnotasse
1113 509 1181 565 satis
1204 511 1250 568 sit.

147 595 271 651 Primum
291 594 403 665 quidem
416 594 546 665 probent,
560 596 657 660 velim,
673 592 825 649 adversarii
846 591 1016 650 Clementem
1036 595 1075 650 ibi
1095 595 1252 670 Scripturas

108 702 126 740 a
140 686 232 758 regula
246 693 273 739 et
286 684 435 739 traditione
448 684 649 751 ecclesiastica,
669 697 751 755 quam
764 680 868 752 ubique
882 683 1072 750 commendat,
1096 687 1252 756 sejunxisse

108 782 138 830 et
159 774 271 844 penitus
292 788 437 839 avocasse3
457 789 489 829 eo
508 775 584 829 enim
601 772 699 829 recidit
717 779 775 826 tota
794 786 863 842 pene
888 774 1074 829 controversia
1098 777 1251 836 catholicos

108 863 182 918 iuter
198 871 226 918 et
239 869 435 933 protestantes.
457 861 566 928 Nonne,
585 876 693 934 quaeso,
707 871 787 916 antea
808 861 935 917 Clemens
957 861 1060 918 Christi
1080 865 1206 938 dogmata
1218 884 1252 924 ac

107 951 237 1006 instituta
263 949 348 1021 probe
365 949 498 1005 nouerat'l
520 951 593 1006 Num
609 951 693 1024 igitur
713 968 759 1018 ea,
781 950 938 1023 Scripturas
961 953 1208 1025 interpretaturus,
1235 973 1252 1014 e

107 1040 242 1096 memoria
255 1039 356 1110 ejicere
375 1037 499 1095 curarit?
512 1039 583 1095 Num
601 1040 732 1113 deinceps
752 1042 780 1097 in
801 1041 951 1113 Scripturis
965 1043 1124 1102 evolvendis
1137 1062 1250 1104 sensum

107 1129 204 1196 illum,
227 1145 308 1200 quem
330 1130 360 1183 in
379 1137 471 1185 mente
489 1130 620 1203 gerebat,
642 1131 860 1189 ecclesiasticum
881 1133 991 1204 penitus
1011 1132 1103 1190 delere
1122 1136 1251 1193 studuit?

107 1219 151 1276 hu
185 1220 220 1275 ad
250 1219 382 1275 Ecclesiae
407 1220 529 1292 regulam
560 1236 615 1275 non
647 1221 765 1293 amplius
794 1219 928 1277 attendit?
957 1222 1021 1278 llaec
1049 1238 1113 1297 ergo
1142 1228 1251 1284 solvant

109 1308 279 1374 adversarii,
296 1309 320 1362 si
334 1308 399 1379 quid
414 1307 546 1379 prolicere
557 1308 654 1365 uelint.

145 1399 282 1454 Praeterea
309 1399 491 1472 monendum,
518 1414 689 1470 nequaquam
716 1398 751 1454 de
775 1397 912 1455 uniuersis
940 1400 1082 1473 religionis
1112 1403 1250 1474 capitibus

105 1504 265 1545 sermonem
285 1487 323 1543 ibi
345 1481 447 1544 habere
472 1487 658 1555 Clementem,
677 1489 725 1544 sed
751 1488 785 1543 de
810 1488 860 1556 iis,
884 1497 915 1544 nt
938 1499 1004 1546 ante
1025 1490 1161 1560 diximus,
1190 1511 1251 1566 quae

104 1579 142 1636 ad
161 1595 253 1636 mores
269 1577 456 1635 informandos
475 1579 594 1634 attinent
615 1579 791 1650 potissimum
809 1594 908 1652 agere;
928 1589 956 1635 et
975 1580 1095 1647 ideirco,
1117 1584 1250 1653 quemad-

103 1670 220 1726 modum
238 1668 356 1740 quilibet
373 1670 469 1725 doctor
487 1670 640 1725 catholicus
653 1668 780 1737 lecisset,
801 1686 835 1725 ex
857 1668 1010 1741 Scripturis
1034 1671 1149 1728 adducit
1167 1690 1251 1744 quam

106 1759 250 1815 uberrima
270 1758 317 1812 iila
335 1758 468 1814 doetrinae
487 1774 596 1814 morum
616 1759 707 1830 capita
726 1767 753 1814 et
766 1758 893 1829 exempla
906 1774 968 1830 quae
984 1759 1013 1812 in
1033 1758 1068 1814 iis
1086 1772 1248 1818 cernuntur.

104 1850 161 1919 Qui
180 1859 275 1905 autem
290 1849 316 1904 id
336 1850 553 1920 protestantibus
567 1850 697 1920 praesidio
717 1863 778 1902 esse
793 1848 881 1919 possit
894 1856 999 1918 quaerat
1011 1846 1097 1913 alius,
1112 1851 1250 1922 egoenim

103 1941 179 1997 nihil
192 1940 273 2012 plane
282 1939 372 1996 rideo.
381 1939 452 2008 Quid
467 1939 616 2013 igitur‘ihn
631 1939 700 1996 lorte
709 1938 814 1995 doctori
828 1938 962 1994 catholico
974 1936 1050 1993 nelas
1064 1953 1126 1994 esse
1137 1940 1250 1998 duxeris

104 2031 269 2102 Scriptums
289 2039 423 2085 nocturna
436 2031 591 2102 diurnaque
605 2047 687 2085 manu
701 2045 811 2085 versare
822 2071 830 2096 ,
843 2037 925 2100 atque
939 2044 973 2085 ex
989 2029 1046 2084 illis
1063 2038 1121 2086 tum
1142 2048 1250 2088 morum

107 2129 261 2198 praecepta,
282 2120 442 2175 tumeliam
461 2121 587 2194 dogmata
610 2137 671 2192 quae
692 2120 735 2197 vel
759 2118 899 2190 conceptis
923 2119 1015 2174 uerbis
1039 2121 1185 2177 enuntiant
1206 2124 1250 2179 vel

72 2278 78 2287 ι
106 2211 245 2283 implicito
270 2220 380 2266 tantum
402 2225 435 2266 ac
455 2212 663 2268 subobscuriori
688 2211 768 2267 modo
790 2210 927 2276 innuunt,
946 2210 1046 2265 elicere
1065 2219 1093 2265 et
1117 2211 1145 2265 in
1160 2212 1251 2268 lucem

104 2297 207 2357 edere?
220 2299 331 2354 blinime
343 2315 423 2364 vero;
434 2299 462 2354 id
475 2315 594 2371 namque
608 2308 635 2356 ct
645 2300 698 2356 hcc
710 2309 806 2356 nostro
818 2315 875 2355 aevo
888 2298 1011 2370 quotidie
1024 2309 1109 2373 agunt
1121 2302 1250 2358 catholici

105 2388 248 2462 theologi,
264 2397 292 2444 et
308 2389 371 2460 jure
389 2389 516 2460 quidem,
530 2393 660 2460 possessio
680 2390 755 2446 enim
768 2406 864 2446 eorum
877 2400 943 2446 sunt
962 2406 1046 2447 sacrae
1062 2393 1182 2448 Litterae.
1197 2393 1251 2450 Sed

106 2480 162 2535 hoc
179 2478 314 2544 dicimus,
335 2478 364 2533 id
385 2494 470 2535 neca
489 2480 630 2536 Clemente
649 2496 731 2536 neca
754 2480 870 2552 reliquis
889 2481 949 2538 lieri
972 2498 1092 2552 unquam
1112 2484 1250 2555 potuisse,

107 2568 164 2624 nisi
182 2569 261 2639 prius
288 2566 393 2624 Christi
417 2570 570 2626 doctrinam
590 2580 618 2627 et
636 2567 979 2653 sensumssecclesiastieum
998 2571 1026 2625 in
1045 2582 1137 2627 mente
1148 2574 1252 2646 gessis-

107 2667 187 2723 sent;
203 2667 231 2713 et
249 2657 354 2713 idcirco
368 2674 431 2714 cum
451 2660 512 2731 ipso
525 2659 667 2716 Clemente
679 2675 870 2716 asseveramus
883 2660 953 2715 nihil
966 2659 1052 2714 ferme
1064 2660 1098 2715 ab
1112 2662 1250 2719 haereticis

109 2748 142 2802 in
157 2747 300 2817 Scriptura
320 2747 425 2817 percipi
444 2764 540 2818 posse,
559 2749 633 2819 quod
647 2751 794 2804 traditione
808 2758 836 2805 et
848 2750 943 2822 requio
955 2751 1132 2805 ecclesiastica
1145 2761 1249 2806 carent.

107 2837 210 2893 Nullus
232 2852 296 2908 ergo
319 2836 523 2907 seripturarum
546 2839 615 2893 citra
634 2840 809 2895 traditionem
837 2847 866 2894 et
886 2839 1009 2911 regulam
1034 2839 1250 2897 ecelesiasticam

109 2943 181 2983 usus
199 2927 339 3001 lqitimus
358 2943 420 2983 esse
440 2937 546 3000 potest,
567 2929 698 3000 quoniam
717 2944 733 2983 a
755 2929 814 2984 loco
834 2943 884 2983 suo
906 2938 1055 2985 avocantur
1077 2940 1159 3002 atque
1176 2932 1214 2987 ita
1233 2948 1249 2988 a

108 3019 171 3076 basi
189 3018 291 3074 avulsae
316 3018 393 3074 velut
415 3019 444 3073 in
457 3035 520 3075 aera
545 3020 761 3090 circumquaque
784 3027 933 3090 vagantum
956 3028 984 3075 at
1003 3020 1051 3075 uhi
1077 3020 1167 3077 locum
1194 3022 1248 3078 sibi

107 3109 253 3181 proprium
275 3116 385 3174 tenent,
406 3109 534 3180 plurimae
555 3109 680 3181 prolecto
705 3124 739 3163 en
767 3107 808 3163 eis
832 3108 968 3165 utilitates
994 3111 1122 3167 oriuntur
1144 3120 1171 3167 et
1192 3112 1249 3168 rim

107 3200 257 3256 maximam
275 3200 328 3256 sibi
344 3200 407 3270 jure
428 3201 585 3267 uindicant;
602 3200 674 3272 quod
696 3198 807 3270 quidem
827 3200 951 3255 omnium
969 3201 1084 3256 Patrum
1101 3211 1129 3258 et
1141 3202 1249 3258 theolo-

105 3304 207 3364 gorum
229 3289 428 3346 catholicorum
448 3290 574 3361 exemplo
593 3290 804 3360 comprobatur,
824 3290 952 3362 quodque
974 3308 1024 3348 nos
1048 3293 1078 3349 in
1102 3292 1249 3364 posteriori

109 3378 195 3450 huius
213 3378 386 3435 tractationis
404 3389 482 3452 parte
499 3378 592 3435 dedita
613 3395 695 3451 opera
707 3395 804 3436 sumus
818 3381 1007 3438 monstraturi.

650 3599 708 3673 pt.

574 3805 598 3845 S.
619 3805 785 3848 ardabastus

141 4008 313 4066 Uberrimam
325 4009 457 4067 doetrinae
470 4019 590 4086 segetem
603 4027 636 4069 ex
649 4010 677 4067 S.
690 4010 832 4069 Athanasii
844 4012 974 4084 operibus
987 4022 1015 4069 et
1028 4015 1126 4089 agendi
1139 4016 1246 4072 ratione

109 4097 192 4153 nobis
206 4113 352 4171 excerpere
372 4099 481 4167 lieeblt;
503 4101 531 4154 in
548 4102 677 4158 omnibus
695 4101 770 4158 enim
789 4111 849 4158 tum
872 4103 984 4175 scriptis
1005 4104 1065 4175 ejas
1085 4114 1142 4160 tum
1161 4106 1245 4160 etiam

107 4180 196 4254 gestis
221 4181 389 4255 splendescit
410 4184 540 4240 Ecclesiae
564 4185 731 4252 auctoritas,
753 4185 840 4260 fulget
865 4197 985 4243 externae
1012 4187 1195 4245 institutionis
1217 4197 1246 4243 et

107 4271 282 4329 auctoritatis
304 4272 346 4328 via
370 4290 402 4330 ae
423 4275 580 4333 methodus.
605 4277 706 4333 Notum
732 4286 775 4333 est
798 4275 977 4336 Athanasium
1003 4278 1075 4336 inter
1097 4277 1245 4335 acerrimos
