3150 5160
353 347 415 405 lid
515 360 668 405 11111111
692 360 940 405 11111111111111
962 361 1093 405 uernum
1118 361 1313 406 1111111111.

350 510 455 565 missus
468 507 529 563 sine
543 508 741 576 prejudicato,
757 518 787 562 ut
800 508 838 562 ait
851 507 1005 573 semlerus,
1019 508 1091 564 circa
1105 508 1222 580 quodvis
1237 510 1334 583 dogma
1348 510 1495 583 opinione,

350 600 500 669 Scriptura,
517 598 773 668 interpretationem
792 596 965 652 instituerit?
979 597 1009 652 ld
1023 597 1125 670 qqupe
1138 600 1260 670 postulat
1272 603 1494 672 protestantismi

349 689 454 762 regula.
474 688 563 758 Atque
579 689 664 760 hujus
681 688 779 758 capitis
801 687 946 744 historiam
962 689 1058 758 paucis
1077 689 1247 762 attingentes
1267 690 1390 763 apertius
1409 693 1495 748 etiam

348 777 507 835 videbimus
530 792 667 847 nusquam
689 777 775 832 ferme
798 775 1124 849 pseudo-reformationis
1146 793 1287 847 praecones
1310 779 1363 833 sibi
1386 780 1494 836 consti-

349 869 434 935 tisse,
448 877 475 923 et
488 883 569 939 porro
587 867 663 922 illius
681 868 859 933 methodum,
872 866 896 922 si
910 867 945 921 ad
961 866 1067 937 praxim
1081 866 1194 921 demum
1210 866 1294 922 luerit
1305 870 1349 925 vel
1365 869 1495 940 aliquan-

350 959 441 1015 tulum
458 957 673 1023 accommodata,
691 957 841 1028 impietatis
865 973 943 1027 aeque
959 971 992 1011 ae
1011 957 1180 1028 scepticismi
1199 957 1303 1036 iontem
1321 961 1496 1017 uberrimum

350 1048 529 1121 deprehendi.
548 1048 626 1104 Unde
648 1048 757 1102 taudem
773 1047 800 1102 id
820 1054 1006 1117 consequatur
1023 1062 1137 1102 neeesse
1156 1047 1222 1115 erit,
1239 1049 1339 1121 privati
1358 1052 1497 1108 examinis

351 1139 518 1210 principium
536 1139 580 1193 vel
599 1154 633 1193 er
651 1138 708 1193 sola
727 1137 842 1193 historia
858 1153 946 1208 usque
969 1136 1037 1191 adeo
1054 1152 1069 1190 a
1089 1136 1245 1208 religionis,
1266 1140 1322 1197 111
1341 1151 1369 1197 11
1387 1153 1497 1200 naturae

350 1227 458 1299 legibus
469 1227 590 1282 alienum
608 1225 792 1296 comprobari,
807 1225 879 1280 utin
896 1240 976 1279 usum
989 1223 1088 1279 adduci
1104 1235 1152 1280 aut
1167 1227 1281 1284 omnino
1298 1240 1432 1300 nequeat,
1446 1243 1496 1287 aut

352 1319 450 1374 saltem
466 1333 521 1373 non
537 1317 689 1373 adducatur
705 1316 772 1387 quin
789 1316 900 1372 tollatur
917 1314 1013 1387 religio
1033 1314 1076 1369 vel
1094 1315 1175 1370 etiam
1193 1317 1283 1389 ipsius
1299 1320 1428 1376 bumanae
1443 1337 1494 1376 na·

351 1418 421 1465 turae
437 1408 576 1482 ingenitus
593 1408 651 1463 1111
668 1423 776 1463 111111.
793 1405 834 1462 hd
850 1421 909 1460 rem
926 1404 1119 1460 illustrandam
1136 1423 1325 1479 1111111111.

397 1501 438 1555 An
452 1515 544 1573 ergoa
560 1497 778 1571 protestantismi
797 1495 908 1551 exordio
927 1495 1027 1565 cuique
1046 1494 1184 1568 integrum
1201 1507 1259 1554 erat
1278 1514 1386 1553 summa
1406 1500 1493 1556 animi

351 1588 479 1645 libertate
500 1589 658 1660 Scripturas
676 1587 851 1658 interpretari
871 1596 953 1657 atque
969 1602 1003 1641 ex
1021 1585 1079 1651 his,
1097 1602 1222 1656 prosuae
1240 1589 1357 1645 rationis
1372 1590 1493 1661 judicio,

351 1695 415 1750 quae
433 1680 485 1735 sibi
504 1679 645 1753 religionis
661 1688 755 1734 essent
770 1693 910 1749 promere,
925 1676 992 1748 quin
1009 1676 1094 1731 ullius
1110 1676 1269 1732 mortalium
1286 1678 1411 1735 doctrina
1426 1697 1494 1736 auc-

350 1770 496 1827 toritateve
515 1771 570 1826 ullo
591 1778 669 1841 paeto
687 1777 827 1842 regeretur
846 1777 894 1823 aut
912 1764 1124 1838 prohiberetur?
1142 1766 1263 1839 Operosa
1281 1778 1357 1823 certe
1373 1785 1430 1826 non
1450 1781 1494 1828 est

350 1859 510 1931 responsio,
527 1858 556 1913 11
575 1858 677 1930 1111111
697 1872 815 1927 namque
834 1872 993 1923 versamur;
1010 1864 1039 1911 et
1057 1855 1159 1913 idcirco
1178 1873 1238 1913 rem
1256 1859 1378 1914 breviter
1397 1861 1465 1917 conf
1480 1893 1493 1902 -

350 1951 423 2007 cisse
440 1949 507 2006 satis
528 1949 590 2004 erit.
611 1947 682 2014 Quid
704 1945 806 2022 igitur?
822 1947 967 2018 Paulisper
985 1947 1079 2003 oculos
1096 1948 1276 2019 conjiciamus
1296 1947 1325 2002 11
1345 1964 1407 2018 111,
1423 1967 1495 2022 quas

350 2050 463 2107 vocant,
487 2038 619 2095 eeclesias
641 2037 876 2102 Lutheranorum‚
899 2036 1137 2105 Calvioiaoorum,
1160 2037 1376 2112 Anglicanorum
1398 2056 1405 2094 :
1426 2041 1494 2112 quid

350 2131 424 2202 apud
437 2145 483 2185 eas
497 2127 678 2186 offendimus?
690 2129 790 2185 Extant
803 2128 865 2184 fidei
880 2127 1081 2196 confessiones
1096 2137 1191 2184 extant
1203 2129 1341 2202 symbola,
1356 2141 1495 2205 coguntur

351 2221 458 2294 synodi.
479 2219 644 2276 Lutheranis
661 2229 704 2275 est
722 2235 772 2275 sua
790 2219 853 2275 fidei
872 2219 1025 2284 consessio,
1044 2219 1146 2291 saepius
1168 2229 1291 2276 correcta
1313 2221 1443 2292 quidem,
1466 2234 1496 2280 at

350 2311 430 2366 firma
447 2321 555 2377 tamen,
572 2311 601 2365 in
618 2327 671 2382 qua
689 2311 859 2367 deliniuntur
876 2327 908 2366 ea
923 2311 1064 2384 religionis
1082 2311 1172 2383 capita
1185 2328 1246 2383 quae
1263 2321 1295 2366 ut
1307 2328 1372 2368 vera
1388 2313 1494 2370 habent

350 2417 384 2458 ac
395 2411 570 2458 venerantur.
584 2401 647 2457 llaec
659 2417 741 2473 porro
753 2400 878 2472 quemvis
894 2401 1081 2456 Lutheranum
1095 2400 1212 2456 edocent
1227 2410 1368 2472 pastores,
1383 2403 1494 2475 ipsique

348 2492 484 2562 jubentur
497 2490 529 2546 ad
547 2507 641 2548 eorum
658 2507 783 2547 normam
799 2507 850 2547 ceu
867 2490 901 2546 ad
919 2491 1023 2564 lydium
1042 2489 1162 2562 lapidem
1181 2490 1289 2564 exigere
1302 2507 1371 2562 quas
1390 2492 1494 2549 elicere

352 2581 490 2638 voluerint
503 2598 517 2636 e
532 2581 681 2653 Scripturis
699 2581 962 2653 interpretationes:
979 2579 1113 2650 quidquid
1126 2579 1161 2634 ab
1176 2579 1224 2634 illa
1240 2579 1304 2636 111111
1317 2580 1495 2639 confessione

352 2671 494 2737 dissentit,
509 2672 537 2727 id
556 2682 586 2728 ut
598 2688 745 2747 germanus
756 2671 904 2743 Scripturae
916 2670 1000 2726 111111
1016 2670 1112 2726 haberi
1126 2671 1238 2742 nequit,
1258 2672 1306 2726 sed
1320 2689 1337 2726 o
1348 2673 1445 2742 priori
1461 2684 1494 2728 ut

353 2777 460 2818 merum
474 2764 666 2834 petulantioris
675 2763 779 2837 ingenii
789 2770 975 2820 commentum
985 2761 1118 2833 rejicitur.
1128 2760 1308 2832 Nequaquam
1321 2777 1385 2835 ergo
1398 2762 1494 2836 Serip-

353 2863 478 2908 torarum
496 2854 686 2927 interpretatio
705 2855 774 2910 citra
790 2854 876 2909 ullam
891 2853 925 2910 de
943 2852 1041 2924 quovis
1057 2852 1185 2926 dogmate
1204 2851 1411 2923 praejudicatam
1432 2853 1494 2927 opi-

354 2946 464 3000 nionem
481 2944 652 3013 instituitur,
666 2945 715 3000 sed
732 2953 827 3002 contra
839 2945 874 3000 ad
890 2945 1047 3016 1111111111
1063 2944 1128 3012 fidei
1140 2944 1321 2998 ecclesiastiea
1337 2945 1495 3019 peragenda

353 3035 495 3091 statuitur.
512 3035 630 3091 Tantum
648 3036 727 3091 abest
739 3044 770 3091 ut
786 3034 927 3106 Scriptura
941 3051 992 3091 eeu
1009 3033 1070 3089 lons
1083 3034 1216 3090 doetrinae
1233 3035 1332 3090 unicus
1345 3050 1378 3090 ac
1394 3053 1495 3094 norma

352 3126 466 3183 cuilibet
479 3126 626 3194 habeatur,
641 3136 671 3182 nt
684 3136 778 3182 contra
791 3142 823 3182 eo
835 3135 942 3181 tautum
958 3125 1075 3182 consilio
1087 3125 1213 3182 adhiberi
1226 3126 1352 3184 videatur
1365 3137 1396 3182 ut
1409 3135 1495 3184 sectae

349 3217 478 3290 dogmata
497 3227 555 3272 rata
568 3217 676 3288 fixaque
692 3216 780 3273 111111
796 3224 859 3270 ante
875 3215 992 3270 tenenda
1006 3215 1150 3272 confirmet
1165 3224 1192 3271 et
1207 3224 1302 3271 contra
1317 3215 1494 3274 adversarios

352 3317 471 3363 tueatur.
494 3307 662 3364 catholicam
675 3308 842 3371 Ecclesiam,
855 3322 871 3362 e
889 3322 942 3377 qua
955 3322 1019 3362 mor
1031 3304 1131 3360 tumidi
1144 3305 1284 3371 exierant,
1305 3314 1494 3377 protestantes

352 3398 429 3456 velut
443 3399 523 3455 inscii
541 3399 721 3455 imitabantur
734 3415 741 3454 ε
757 3399 830 3465 haec,
844 3398 973 3469 quoniam
987 3397 1131 3468 profitetur
1145 3411 1175 3451 se
1191 3395 1327 3468 integram
1340 3394 1493 3451 illibatam-

350 3506 406 3561 que
418 3490 527 3546 Domini
540 3490 693 3547 doctrinam
704 3489 733 3545 in
743 3490 806 3546 sinu
818 3505 926 3562 gerere,
938 3487 1065 3559 prohibet
1078 3502 1113 3541 ne
1125 3485 1188 3557 quis
1202 3501 1323 3557 unquam
1333 3484 1493 3558 Scripturas

350 3579 488 3654 intelligat
507 3589 602 3637 eontra
622 3595 655 3635 ea
670 3595 732 3650 quae
748 3588 824 3634 tenet
842 3578 982 3650 dogmata3
1001 3576 1129 3632 Christus
1148 3576 1261 3648 quippe,
1283 3575 1363 3647 cujus
1380 3587 1446 3634 sunt
1462 3588 1491 3634 11

350 3667 500 3739 Scripturae
515 3678 543 3725 et
559 3668 698 3734 Ecclesia,
714 3666 768 3722 sibi
785 3666 925 3721 adversari
942 3666 1058 3736 nequit:
1077 3665 1143 3722 hinc
1159 3668 1263 3739 optimo
1279 3665 1357 3738 jure,
1374 3667 1442 3738 quin
1462 3678 1491 3724 et

350 3762 508 3817 necessario
531 3760 611 3814 illum
633 3756 869 3828 interpretationis
891 3772 1023 3813 canonem
1049 3756 1179 3828 praedicat
1200 3756 1332 3813 Ecclesia.
1356 3757 1488 3814 Eamdem

349 3847 512 3905 methodum
529 3851 573 3906 sui
593 3851 770 3904 immemores
787 3847 894 3901 inibant
912 3847 995 3920 primi
1015 3855 1208 3919 protestantes.

387 3938 519 4014 Theologi
532 3946 717 4011 protestantes
732 3937 899 3994 recentiores
911 3953 1006 3994 omnes
1019 3937 1076 3994 lere
1092 3937 1236 3993 nobiscum
1249 3937 1415 3995 confitentur
1428 3955 1487 3995 ma·

346 4027 425 4097 jores
442 4044 508 4084 suos
526 4029 598 4083 haud
616 4036 690 4083 recte
708 4028 751 4083 sui
768 4028 895 4100 principii
908 4029 964 4083 uim
980 4044 1012 4083 ac
1029 4028 1148 4084 indolem
1163 4027 1250 4084 fnisse
1268 4038 1423 4094 assecutos,
1437 4030 1485 4086 sed

349 4118 426 4174 velot
440 4118 543 4174 inscios
556 4118 681 4174 eamdem
700 4134 785 4190 prope
797 4119 870 4173 viam
887 4118 915 4173 11
929 4117 1143 4188 interpretandis
1152 4118 1239 4173 sacris
1254 4118 1367 4174 Litteris
1379 4119 1483 4175 tenuis·

350 4221 382 4262 se
396 4222 478 4275 quam
496 4208 659 4264 catholicam
678 4209 863 4280 sequebantur
879 4216 906 4263 et
925 4208 1074 4263 etiamnum
1094 4215 1267 4277 sequuntur:
1285 4207 1481 4281 quodquidam

345 4295 472 4352 Euthero
494 4305 576 4369 atque
595 4298 655 4370 ejus
673 4297 818 4371 discipulis
838 4298 1041 4370 antiquioribus
1061 4299 1179 4372 benigno
1199 4298 1291 4355 animo
1311 4298 1478 4364 condonant;
