3150 5160
355 343 394 400 54
769 358 880 400 ΡΑΤΒΕὸ
894 358 1076 404 apostotici.

354 503 457 567 lectus,
481 503 607 574 nihilque
621 517 655 558 eu
676 501 721 558 bis
737 509 847 573 petatur
865 518 987 574 unquam
1006 503 1079 574 quod
1102 505 1144 560 illi
1162 507 1320 578 oppositum
1338 509 1388 576 sit;
1411 526 1494 567 secus

353 594 428 650 enim
445 610 500 651 non
513 592 664 659 aedilicant,
682 600 711 647 at
726 592 828 648 tollunt
842 592 994 649 doctrinam
1012 602 1163 665 acceptam.
1183 597 1225 652 En
1240 613 1323 655 verus
1339 599 1496 672 Scriptura-

352 699 415 740 rum
432 685 525 748 locus,
545 699 579 739 en
597 698 746 756 germanus
761 683 920 738 earumdem
939 699 1018 740 usus.

383 774 456 831 tlibi
471 777 585 831 Docetas
600 773 735 829 damnans
749 781 776 828 et
790 771 885 828 salsam
900 789 982 844 quam
995 774 1179 832 obtundebant
1191 775 1396 848 scripturarum
1409 777 1498 835 inter·

351 865 534 937 pretationem
552 863 701 934 rejiciens,
722 861 818 918 fideles
839 874 933 919 monet
953 873 1000 928 nt,
1023 881 1077 935 quo
1096 866 1184 922 tutius
1204 882 1326 923 errorem
1347 867 1496 941 effugiant,

351 956 385 1012 ad
398 955 530 1011 traditum
549 954 617 1025 ipsis
634 967 791 1009 sermonem
809 961 995 1020 revertantnr;
1009 955 1143 1026 quidquid
1153 957 1228 1011 enim
1247 957 1311 1012 huic
1327 956 1497 1012 contradicat

351 1059 446 1101 avem
459 1045 596 1099 aberrare.
606 1042 652 1099 Sic
663 1042 724 1114 ipse
740 1043 862 1115 loquitur
876 1059 882 1098 :
899 1041 1023 1100 «Omnis
1036 1045 1111 1100 enim
1124 1045 1171 1116 qui
1188 1061 1244 1101 non
1259 1045 1402 1101 consessus
1413 1044 1498 1101 luerit

350 1136 446 1192 desum
459 1134 600 1190 Christum
617 1134 645 1189 iu
660 1149 743 1190 carne
754 1134 877 1199 venisse,
892 1134 1094 1192 anti-Christus
1109 1145 1163 1204 cst,
1179 1146 1207 1193 ct
1222 1138 1269 1207 qui
1283 1153 1338 1193 non
1351 1136 1499 1194 coufessus

351 1225 436 1282 luerit
453 1225 614 1298 martyrium
628 1224 734 1289 crucis,
747 1239 782 1279 ex
797 1223 909 1280 Diabolo
925 1234 981 1292 est;
996 1228 1083 1296 etqui
1096 1227 1204 1297 eloquia
1216 1227 1326 1282 Domini
1339 1230 1497 1283 traducerit

351 1319 389 1372 ad
406 1318 541 1371 desideria
558 1312 688 1387 eucthis
704 1313 798 1370 verbis
815 1314 938 1385 perbelle
955 1315 1058 1370 indicat
1075 1316 1240 1389 Polycarpus
1257 1317 1335 1374 brevi
1351 1318 1386 1373 dc
1401 1319 1497 1390 Scrip-

353 1408 424 1463 turis
444 1415 536 1462 actum
558 1406 592 1461 iri
615 1405 638 1462 si
660 1405 715 1461 sibi
738 1406 806 1477 ipsae
828 1405 1087 1479 permitterentur),
1109 1406 1265 1478 dixeritque
1287 1423 1377 1479 neque
1401 1424 1497 1464 resur-

352 1499 502 1556 rectionem
526 1512 615 1568 neque
631 1496 766 1567 iudicium
785 1511 863 1561 esse,
883 1497 929 1552 hic
948 1496 1149 1570 primogenitus
1166 1506 1209 1553 est
1227 1497 1344 1554 Satanae.
1360 1498 1497 1566 Quocirca

351 1588 482 1645 derelicta
497 1587 693 1658 plerorumque
708 1586 828 1642 vanitate
846 1585 978 1658 lalsisquc
996 1587 1142 1655 doctrinis,
1158 1590 1195 1643 ad
1213 1592 1350 1647 traditam
1366 1591 1445 1647 uobis
1461 1592 1496 1647 ab

350 1681 433 1735 tuitio
449 1693 596 1734 ammonem
613 1684 780 1732 revertamur
800 1674 885 1749 (1).»

385 1770 476 1841 Atque
492 1770 552 1824 hacc
566 1769 601 1824 de
615 1767 643 1822 S.
657 1767 807 1840 Polycarpo
820 1765 925 1822 dixisse
942 1765 1069 1824 sufficiat.

388 1859 434 1916 Sic
452 1870 545 1915 autem
564 1858 678 1914 omnino
696 1857 848 1912 absolvitur
867 1871 899 1912 ea
917 1872 999 1928 quam
1018 1857 1193 1914 institueram
1213 1857 1248 1914 dc
1264 1859 1393 1916 Patribus
1414 1875 1498 1931 apos·

349 1949 442 2006 tolicis
458 1948 585 2006 tractatio
603 1947 764 2020 theologica.
782 1947 816 2002 Et
833 1946 945 2019 quidem
962 1947 1096 2004 hactenus
1111 1950 1194 2004 allata
1210 1948 1333 2016 abunde,
1352 1949 1381 2004 ni
1400 1949 1496 2018 iallor,

349 2047 570 2096 commonstrant
590 2038 640 2094 hos
656 2038 851 2109 Apostolorum
873 2037 1086 2110 propinquiores
1105 2038 1257 2111 discipulos
1278 2040 1312 2094 ab
1335 2039 1384 2094 illa
1411 2055 1498 2110 quam

348 2129 422 2201 apud
445 2144 541 2185 eorum
565 2127 711 2202 magistros
735 2125 938 2184 offenderamus
963 2128 1008 2185 via
1033 2144 1066 2183 ac
1091 2130 1198 2186 ratione
1225 2130 1299 2185 haud
1323 2130 1496 2199 descivisse;

348 2221 495 2291 utrobique
514 2219 589 2275 enim
602 2235 657 2274 nna
669 2218 793 2274 cernitur
811 2218 972 2285 methodus,
990 2218 1140 2290 eademque
1160 2235 1214 2276 nou
1239 2220 1339 2291 privati
1359 2221 1498 2279 examinis

351 2326 384 2366 ac
395 2310 509 2382 judicii,
523 2310 572 2366 sed
584 2308 756 2364 auctoritatis
769 2323 800 2362 ac
814 2306 984 2380 magisterii;
998 2309 1146 2381 utrobique
1159 2309 1228 2365 illud
1245 2310 1343 2383 dogma
1359 2312 1497 2379 occurrit,

351 2402 386 2457 ab
406 2401 536 2457 Ecclesiae
549 2400 722 2472 principibus
735 2399 923 2470 accipiendam
937 2413 1001 2454 esse
1013 2414 1106 2454 veram
1121 2398 1224 2454 Christi
1237 2399 1405 2466 doctrinam,
1418 2415 1498 2456 eam-

351 2509 406 2565 que
421 2507 529 2549 summa
549 2507 615 2546 cura
637 2498 770 2561 perpetuo
795 2488 959 2554 tenendam,
987 2504 1073 2560 qnnm
1087 2489 1128 2544 illi
1145 2505 1162 2544 a
1180 2490 1235 2546 Deo
1250 2505 1335 2545 sacrae
1351 2489 1498 2562 religionis

351 2584 479 2640 doctores
495 2597 527 2638 ac
551 2579 679 2637 custodes
703 2579 875 2652 integerrimi
895 2578 952 2634 sint
978 2580 1134 2636 constituti.
1151 2581 1185 2636 Et
1208 2596 1290 2653 porro
1315 2581 1343 2636 iu
1366 2581 1498 2652 epistolis

351 2673 464 2729 Patrnm
486 2673 700 2744 apostolicorum
722 2670 841 2742 plurima
867 2670 946 2726 nobis
965 2669 1045 2725 obvia
1070 2669 1148 2726 lucre
1170 2671 1205 2726 ad
1230 2687 1289 2728 rem
1310 2671 1496 2745 theologicam

351 2762 545 2818 illustrandam
565 2761 843 2834 amplificandamqne
860 2759 979 2816 maxime
996 2760 1209 2818 accommodata.

388 2854 438 2909 llis
455 2854 539 2926 igitur
554 2852 706 2920 absolutis,
719 2852 753 2908 ad
771 2851 840 2907 alios
852 2850 909 2922 jam
924 2852 1025 2906 seusus
1037 2866 1102 2908 vere
1116 2850 1262 2908 christiani
1277 2860 1362 2909 testes
1375 2867 1407 2908 ac
1421 2869 1496 2924 prae·

348 2957 434 2999 eones
448 2957 638 3015 properamus.

810 3307 948 3389 tacut
976 3307 1034 3388 ll.

499 3531 532 3568 DE
551 3530 586 3570 lls
605 3530 729 3571 rtrutous
748 3529 793 3578 ool
813 3529 877 3570 POST
896 3529 975 3568 AEVUM
994 3527 1173 3569 urosrottcttlt
1192 3528 1340 3569 FLORUERE.

387 3688 444 3743 lloc
463 3703 518 3742 uno
539 3687 628 3758 capite
652 3688 823 3752 universam,
845 3700 927 3756 quam
952 3685 987 3742 dc
1009 3685 1124 3757 reliquis
1148 3685 1276 3742 Patribus
1297 3685 1491 3760 aggredimur,

349 3778 541 3834 tractationem
569 3778 742 3834 definiemus
765 3778 804 3833 De
821 3785 883 3832 octo
905 3783 998 3830 autem
1022 3775 1153 3846 deinceps
1178 3775 1306 3831 Patribus
1332 3790 1492 3832 sermonem

349 3872 462 3926 omnino
475 3885 537 3926 sum
551 3870 713 3937 habiturus,
735 3884 852 3941 quornm
871 3867 982 3940 quidem
1001 3876 1119 3939 quatuor
1137 3865 1283 3932 eGraccis,
1303 3875 1420 3937 quatuor
1438 3881 1492 3922 au-

379 4018 408 4080 (l
419 4017 428 4081 l
441 4033 456 4065 u
470 4052 493 4065 ..
504 4051 525 4065 ..
539 4013 586 4074 Ὸς
608 4014 640 4066 ἀν
660 4005 778 4080 μεθοδιυῃ
798 4031 831 4063 τα
850 4017 926 4081 λογια
943 4029 987 4062 του
1003 4008 1099 4080 Κυριου
1119 4027 1178 4079 προς
1199 4027 1244 4070 τας
1265 4002 1330 4069 lbra<
1347 4010 1491 4077 ἰπιθυμιας,

346 4114 390 4146 και
408 4101 468 4165 λεγῃ
489 4115 549 4164 pure
564 4097 717 4157 ἀναστασιν,
733 4114 795 4163 porr
808 4111 886 4164 κρισιν
904 4095 980 4156 εἰναι,
992 4094 1064 4152 οὕτος
1079 4095 1235 4162 πρωτότοκος
1252 4093 1302 4143 ἐστι
1318 4111 1361 4143 του
1373 4089 1492 4143 Bataua.

347 4180 395 4232 Διο
412 4179 574 4238 ἀπολιποντες
591 4199 636 4234 την
651 4195 810 4246 paratorum
832 4198 880 4230 των
900 4183 1012 4241 achior,
1035 4193 1079 4227 και
1102 4193 1147 4235 τας
1171 4169 1429 4240 ψιυδοδιδασκαλιας,
1452 4177 1493 4225 ἐπι

347 4281 388 4312 τον
405 4263 428 4324 εξ
446 4263 524 4330 ἀρχης
544 4263 599 4329 ἧμιν
618 4255 789 4328 παραδοθεντα
808 4268 882 4329 λογον
901 4260 1087 4327 ἐπιστρεψωμεν.
1099 4278 1112 4310 u
1126 4260 1153 4310 (2.
1169 4267 1192 4309 ¹1.
