3150 5160
460 354 497 396 ne
518 354 558 398 ss.
581 353 735 398 nanninus.
751 368 791 379 --
806 353 954 398 norronss
975 320 1112 396 numurus.
1310 337 1349 396 25

212 499 376 573 colligantur
394 497 504 556 facilius
523 498 680 571 perspicere
698 509 789 570 queat.
810 499 910 570 Liquet
930 498 1052 571 prolecto
1072 512 1105 552 ex
1125 496 1169 552 his
1192 498 1352 554 omnibusa

212 591 292 647 nobis
311 588 373 645 duci
395 605 476 661 posse
496 590 685 662 probationem
704 605 758 660 qua
782 599 937 645 statuamus
954 589 1050 644 Patres
1069 586 1221 643 credidisse
1240 589 1354 644 institu-

211 689 271 736 tum
298 679 373 734 istud
395 695 425 734 re
448 694 512 735 vera
532 688 656 746 exstare;
677 679 815 750 alioquin,
832 695 978 750 quorsum,
1015 693 1121 748 quaeso,
1143 688 1305 750 argumenta
1325 689 1354 736 et

211 768 346 827 theoriae?
362 769 414 825 Sed
431 785 508 841 aeque
524 770 702 825 manifestum
727 779 770 825 est
789 786 839 825 nos
858 784 1032 840 nequaquam
1053 782 1168 823 necesse
1193 768 1294 824 habere
1318 769 1354 824 ad

211 860 375 916 firmandam
393 860 494 915 thesim
514 870 637 916 nostram
654 869 814 933 argumenta
833 869 861 914 et
878 859 999 915 theorias
1022 859 1133 914 Patrum
1154 859 1283 930 persequi
1305 869 1354 916 aut

212 949 296 1005 etiam
316 947 445 1019 probare,
461 948 562 1020 quippe
579 966 640 1020 quaa
653 949 796 1005 doctorum
814 949 883 1013 sint,
899 964 954 1004 non
975 948 1098 1004 testium.
1113 947 1247 1015 Quoniam
1262 958 1354 1005 tanmn

212 1056 268 1095 non
286 1047 394 1094 tantum
416 1047 600 1110 protestantes
619 1038 746 1096 refellere
769 1039 932 1105 studemus,
958 1039 1006 1095 sed
1029 1039 1112 1094 etiam
1125 1039 1268 1112 tlrcologiao
1289 1057 1354 1097 vere

211 1130 371 1186 christianae
384 1129 492 1202 regulas
504 1138 532 1185 et
547 1131 625 1200 quasi
639 1130 825 1203 organismum
843 1129 952 1185 tradere
965 1129 1156 1195 instituimus,
1171 1129 1232 1185 ideo
1250 1132 1353 1203 saepius

211 1222 323 1277 Patrum
341 1228 501 1292 argumenta
520 1220 676 1275 theoriasve
696 1221 791 1293 paucis
810 1219 903 1276 uerbis
917 1235 1014 1276 sumus
1028 1218 1194 1290 exposituri;
1210 1219 1267 1276 haec
1279 1222 1353 1277 enim

211 1311 347 1382 plurimas
364 1310 490 1381 theologo
504 1308 623 1365 afferunt
641 1311 786 1366 utilitates.

248 1401 283 1457 Ut
305 1409 398 1455 autem
419 1398 462 1454 vis
484 1408 512 1454 et
534 1399 641 1455 indoles
664 1408 888 1474 argumentorum
911 1416 972 1471 quae
994 1399 1068 1471 apud
1089 1401 1184 1456 Patres
1205 1414 1354 1460 occurrunt

211 1490 264 1546 rite
277 1491 516 1555 internoscantur,
529 1488 802 1546 animadvertendum
815 1499 858 1546 est
873 1491 920 1545 illa
930 1490 1092 1561 multiplicis
1105 1491 1214 1564 generis
1225 1507 1303 1560 esse,
1326 1503 1355 1550 et

210 1579 323 1651 quidem
346 1577 374 1631 in
394 1586 452 1632 tres
473 1576 530 1633 lere
549 1578 652 1633 classes
671 1578 756 1633 tribui
777 1593 879 1649 posse:
898 1579 942 1635 vel
961 1579 1036 1633 enim
1053 1581 1187 1649 position,
1204 1582 1355 1652 eademque

209 1679 258 1724 aut
278 1670 380 1723 directa
397 1675 445 1722 aut
464 1668 599 1723 indirecta
619 1674 700 1734 sunt,
717 1669 761 1724 vel
782 1669 891 1724 tandem
905 1670 1102 1740 philosophica.
1121 1669 1229 1726 Directa
1244 1671 1305 1727 dico
1323 1688 1354 1728 ea

210 1776 273 1830 quae
286 1774 335 1830 per
350 1773 380 1814 se
402 1765 557 1813 monstrant
570 1757 700 1812 Ecclesiae
718 1759 911 1814 auctoritatem
931 1775 961 1814 re
979 1759 1038 1831 ipsa
1058 1761 1354 1819 exstare—indirecta

209 1866 272 1922 quae
295 1848 367 1904 idcm
390 1863 469 1914 sane,
488 1856 517 1903 at
533 1848 610 1902 velut
628 1863 662 1902 ex
684 1847 795 1918 obliquo
814 1864 866 1904 nec
887 1865 998 1920 perse,
1021 1858 1142 1906 statuere
1168 1851 1354 1919 contendunt,

211 1949 242 1995 ut
258 1957 284 1995 v.
302 1954 328 2011 g.
342 1953 374 1993 ea
391 1953 452 2008 quar
468 1952 501 1991 ex
517 1951 602 1991 sacrae
620 1934 767 2008 Scripturas
784 1938 951 1994 obscuritate
965 1938 1151 1996 ducuntur—
1163 1941 1354 2013 philosophica

209 2044 276 2084 roco
290 2043 321 2082 ea
335 2042 396 2097 quae
408 2026 451 2081 vel
466 2025 600 2097 exipsius
614 2026 755 2100 religionis
766 2027 871 2095 indole,
885 2030 929 2083 vel
943 2031 1117 2085 exhumanda
1130 2031 1232 2086 mentis
1247 2032 1354 2105 legibus

208 2136 242 2176 ac
264 2117 477 2174 necessitatibus
507 2125 658 2185 eruuntur;
682 2118 719 2172 ita
741 2127 834 2174 tamen
859 2128 889 2174 ut
912 2118 960 2174 illa
980 2118 1353 2193 theologico-philosophica,

209 2211 268 2265 lraec
281 2217 373 2263 autem
387 2221 462 2262 mere
475 2206 666 2278 philosophica
679 2207 783 2263 rectius
795 2207 908 2264 dixeris.

248 2299 343 2370 Neque
364 2298 415 2354 hoc
436 2297 621 2353 omittendum
639 2313 753 2365 censeo,
767 2298 794 2353 in
810 2297 980 2355 aestimandis
993 2298 1105 2354 Patrum
1125 2299 1293 2356 testimoniis
1308 2317 1353 2356 ar-

210 2389 384 2463 gumentisve
401 2389 486 2458 probe
510 2401 572 2443 esse
588 2385 770 2443 discernenda
791 2403 823 2443 ea
842 2389 871 2443 iu
893 2389 994 2459 quibus
1013 2390 1194 2446 versabantur
1213 2390 1352 2462 adjuncta.

211 2479 319 2534 Etenim
333 2477 497 2549 explicatius
513 2492 545 2532 ac
563 2476 650 2548 magis
669 2477 760 2532 dedita
778 2493 860 2549 opera
877 2478 918 2533 illi
933 2480 1029 2550 procul
1044 2479 1128 2535 dubio
1144 2480 1274 2537 Ecclesiae
1288 2498 1354 2538 auc-

211 2569 351 2625 toritatem
370 2567 624 2624 commendaverint
642 2569 745 2639 quibus
765 2585 809 2625 res
832 2569 916 2626 fuerit
938 2570 1071 2626 adversus
1093 2570 1237 2626 haereticos
1256 2571 1303 2641 qui
1324 2571 1354 2628 in

210 2658 361 2729 Scripturis
378 2672 522 2728 perperam
540 2658 689 2714 intellectis
703 2661 867 2730 presidium
886 2661 987 2715 erroris
1003 2661 1205 2725 collocaverant,-
1220 2661 1275 2715 imo
1288 2676 1354 2717 vcro

211 2746 352 2802 interdum
365 2746 465 2800 accidit
478 2754 509 2799 ut
522 2746 617 2800 Patres
634 2747 678 2801 isti
699 2756 842 2819 tantopere
858 2750 987 2805 Ecclesiae
999 2751 1190 2806 auctoritatem
1207 2751 1353 2816 extollant,

213 2844 245 2890 ut
272 2835 355 2889 simul
378 2832 526 2903 scripturn
547 2832 604 2887 vim
632 2834 710 2888 velut
732 2836 839 2892 elevare
860 2837 1024 2901 videantur,
1048 2837 1120 2908 quod
1141 2846 1232 2894 tamen
1259 2841 1355 2911 procul

212 2925 248 2980 ab
267 2940 363 2980 eorum
382 2933 475 2978 mente
494 2923 581 2978 abest.
595 2921 649 2978 dlii
671 2933 779 2991 autem,
801 2926 842 2981 uti
861 2925 958 2981 Patres
971 2927 1130 2997 apostolici,
1152 2927 1187 2983 de
1202 2927 1354 3001 Scripturis

212 3014 271 3070 lere
291 3029 345 3069 non
367 3012 534 3083 loquuntur,
556 3013 628 3083 quod
652 3028 683 3068 ea
710 3022 790 3070 aetate
812 3015 875 3070 libri
899 3016 963 3071 novi
990 3016 1157 3073 Testamenti
1181 3020 1302 3075 nondum
1325 3021 1354 3078 in

211 3103 337 3160 omnium
357 3103 484 3158 manibus
503 3111 612 3169 esseut,
633 3103 782 3161 etidcirco
802 3105 885 3162 etiam
904 3121 999 3161 eorum
1020 3122 1132 3163 sensum
1152 3109 1275 3165 haeretici
1298 3127 1353 3168 nou

212 3195 409 3250 adulterarent.
420 3192 547 3250 Attamen
561 3210 645 3265 quum
660 3195 719 3251 fieri
734 3205 851 3267 nequeat
868 3204 900 3252 ut
920 3197 1002 3254 homo
1020 3214 1074 3255 non
1092 3200 1211 3257 subinde
1232 3203 1354 3260 exterius

212 3284 309 3358 prodat
328 3283 355 3339 id
378 3284 450 3355 quod
469 3293 560 3340 mente
579 3284 664 3358 gerit,
678 3302 819 3357 quumque
837 3286 956 3358 denique
975 3305 1028 3344 una
1044 3291 1197 3362 eademque
1216 3293 1354 3350 haercscos

212 3376 319 3433 indoles
341 3375 370 3430 in
392 3390 424 3430 eo
444 3375 496 3430 sita
516 3374 554 3431 sit
576 3384 621 3442 ut,
640 3374 761 3449 legitima
782 3377 945 3433 auctoritate
965 3389 1133 3451 contempta,
1158 3382 1277 3452 quisque
1300 3383 1353 3438 sibi

212 3469 338 3540 dogmata
360 3482 409 3538 pro
423 3466 501 3522 libito
520 3463 616 3540 lingat,
632 3466 694 3522 ideo
710 3465 782 3537 apud
801 3467 898 3522 Patres
915 3483 1012 3525 omncs
1026 3470 1185 3541 hujusmodi
1204 3481 1354 3528 occurrunt

211 3559 347 3632 principia
362 3556 463 3628 quibus
478 3554 624 3611 methodus
639 3571 704 3612 vere
720 3555 871 3611 christiana
884 3558 986 3628 optime
1001 3558 1156 3614 definiatur.

248 3649 334 3705 Porro
354 3646 382 3701 in
395 3646 479 3717 hujus
498 3645 533 3701 de
546 3646 674 3702 Patribus
686 3645 859 3702 tractationis
870 3648 966 3703 limine
980 3665 1067 3704 unum
1079 3650 1170 3705 adhuc
1184 3648 1353 3708 monendum

213 3740 310 3795 habeo.
328 3737 399 3793 Sane
416 3735 476 3791 fieri
496 3735 591 3806 nequit
610 3743 640 3790 ut
654 3735 689 3790 dc
707 3733 845 3790 universis
859 3736 987 3792 Patribus
1006 3739 1088 3793 verba
1101 3737 1212 3804 faciam,
1232 3739 1260 3795 id
1276 3741 1352 3797 enim

213 3841 240 3890 et
256 3833 367 3903 longum
382 3837 409 3884 et
423 3827 521 3884 inutile
538 3826 621 3891 loret;
636 3839 699 3879 nam
713 3823 775 3891 ubi,
789 3825 861 3880 circa
875 3827 1013 3898 graviores
1029 3829 1183 3899 pracsertim
1199 3840 1226 3885 et
1240 3831 1352 3902 maioris

214 3919 346 3977 momenti
365 3918 489 3991 regulas,
508 3915 689 3988 quorumdam
713 3913 872 3970 testimonia
890 3915 1003 3983 audisti,
1024 3931 1136 3983 eorum,
1156 3917 1284 3989 inquam,
1303 3918 1352 3989 qui

213 4011 332 4066 maxima
351 4008 489 4081 pollebant
507 4005 579 4077 apud
599 4004 766 4059 christianos
782 4004 959 4070 auctoritate,
978 4007 1036 4078 jam
1052 4006 1175 4063 omnium
1194 4008 1268 4063 nosti
1287 4023 1352 4063 sen-

213 4098 338 4155 tentiam.
360 4097 401 4153 Ne
422 4105 514 4150 autem
534 4095 638 4168 lingant
660 4103 846 4167 protestantes
867 4111 912 4150 me
934 4095 1089 4168 aliquorum
1112 4099 1222 4153 nomina
1242 4107 1350 4164 tacere,

213 4188 286 4260 quod
299 4187 369 4244 forte
381 4184 525 4242 catholicis
536 4185 761 4252 adversarentur,
775 4184 810 4240 dc
823 4185 858 4241 iis
871 4201 940 4256 quos
953 4186 982 4241 in
994 4203 1052 4242 suaa
1064 4202 1155 4243 causae
1168 4187 1350 4260 patrocinium

214 4278 345 4334 advocare
364 4277 468 4343 solent,
486 4274 578 4348 potins
594 4274 719 4333 dicturus
737 4289 808 4332 snm.
830 4272 907 4342 Quod
924 4276 958 4332 ad
977 4277 1053 4348 ipsos
1071 4278 1236 4350 apostolicos
1254 4278 1351 4334 Patres
