3166 5168
275 382 518 426 narrounursumr
540 383 683 425 nramcuu
704 382 825 425 srnrurr
845 380 1007 425 suuurnus.
1157 368 1217 426 tau

112 528 207 598 ltaque
219 545 305 600 quum
318 528 445 585 Christus
464 529 499 583 dc
519 528 707 592 daemonibus,
727 527 847 601 angelis,
870 527 1075 598 exspectatione
1096 527 1217 596 llessiae,

72 617 173 673 ultimo
190 618 306 689 judicio,
321 620 525 676 resurrectione
536 628 709 675 mortuorum
729 618 866 689 loquitur,
884 617 912 673 id
932 634 964 674 eo
979 627 1087 673 tantum
1100 619 1217 676 consilio

72 708 143 782 agit,
162 725 197 764 ne
210 710 357 781 aequalium
377 726 491 766 suorum
509 709 635 764 rudiores
649 709 794 780 opiniones
807 707 970 781 impugnare
981 709 1109 765 videatur
1123 709 1219 781 sicque

74 815 123 856 eos
136 799 170 854 ab
184 801 241 856 illis
253 801 408 857 verioribus
421 817 483 871 quae
502 799 669 871 praedicabat
687 798 861 872 dogmatibus
878 807 992 854 avertat.
1013 799 1149 854 Praeterea
1163 816 1218 871 quo

74 888 177 943 melius
192 890 275 945 etiam
295 890 478 960 plurimorum
498 887 655 943 istiusmodi
668 887 802 942 doctrinae
814 887 935 957 capitum
949 902 1010 958 quac
1023 887 1051 942 in
1067 887 1219 959 Scripturis

74 987 229 1034 cernuntur
250 981 385 1035 rationem
404 978 546 1044 redderet,
569 978 661 1033 aiebat
684 977 791 1033 Scmler
808 979 893 1049 probe
911 977 1120 1050 distinguendas
1133 996 1178 1036 res
1192 991 1219 1037 et

74 1070 203 1125 notiones
217 1087 279 1141 quae
301 1087 349 1142 pro
366 1071 489 1125 locorum
509 1078 655 1125 atatumve
672 1068 833 1125 diversitate
855 1069 937 1124 variae
955 1078 1037 1132 sunt,
1056 1071 1090 1125 ab
1109 1070 1145 1125 iis
1157 1087 1219 1141 quae

73 1160 174 1230 quovis
192 1161 251 1216 loco
268 1177 300 1215 ae
314 1170 440 1231 tempore
454 1159 556 1215 credent
570 1175 681 1230 semper
694 1169 864 1231 permanent.
880 1159 994 1227 Quodsi
1008 1176 1114 1231 quaeras
1127 1162 1220 1232 cujus-

74 1249 150 1304 modi
171 1249 227 1304 sint
247 1250 301 1304 illae
321 1251 461 1314 notiones,
483 1266 552 1321 quas
573 1266 648 1305 mere
671 1251 765 1304 locales
782 1250 915 1322 appellat,
936 1250 1114 1322 respondebit
1136 1252 1219 1308 adid

74 1355 164 1413 genus
183 1349 308 1411 spectare
328 1357 508 1412 quaecumque
533 1343 561 1396 in
585 1356 654 1397 novo
676 1341 853 1397 Testamenta
877 1341 1013 1396 habentur
1034 1351 1134 1413 praeter
1154 1343 1220 1398 'reli-

75 1428 185 1501 gionem
208 1428 362 1484 naturalem
382 1445 388 1483 :
407 1430 524 1500 proinde
546 1430 573 1485 id
594 1445 676 1484 omne
695 1429 768 1500 quod
786 1430 992 1487 christianismo
1015 1433 1158 1503 proprium
1177 1445 1220 1491 est

75 1519 111 1574 ad
128 1520 255 1576 notiones
274 1520 368 1575 locales
386 1520 440 1575 erit
457 1518 632 1575 referendum
656 1516 718 1591 (l);
739 1527 821 1589 atque
844 1529 876 1575 ut
897 1520 1025 1577 Christus
1044 1522 1103 1593 ipse
1120 1539 1135 1578 a
1154 1539 1220 1580 vero

75 1608 221 1665 aberrasse
240 1626 295 1665 non
313 1610 453 1674 videatur,
474 1610 575 1664 iterum
593 1608 805 1664 adsciscendum
822 1619 865 1666 est
882 1612 1141 1669 accommodationis
1161 1631 1222 1688 sys-

76 1708 166 1766 tema,
184 1699 386 1770 dicendumque
407 1715 471 1754 eum
484 1699 513 1753 in
534 1699 578 1755 his
597 1700 726 1756 omnibus
742 1699 897 1771 judaeorum
915 1700 1101 1771 praejudicatis
1114 1704 1224 1774 opinio-
1304 1694 1305 1698 *
1405 1758 1412 1777 ,

75 1789 160 1846 uibus
174 1790 316 1863 indulgere
330 1790 461 1845 voluisse.
476 1787 565 1860 Atque
584 1789 622 1844 ita
635 1789 748 1845 demum
761 1790 884 1846 divinam
901 1789 1005 1846 Christi
1023 1793 1220 1849 revelationem

77 1880 189 1952 penitus
210 1881 245 1936 de
264 1880 356 1936 medio
373 1880 488 1936 tollebat
507 1888 612 1935 auctor.

115 1969 191 2024 Istud
216 1968 478 2025 accommodationis
503 1979 622 2042 systema
654 1970 755 2040 saepius
780 1970 909 2041 proponit
932 1986 964 2026 ac
988 1972 1089 2027 evolvit
1115 1971 1221 2030 Semle-

77 2075 126 2114 rus
153 2058 208 2133 (i).
233 2060 330 2131 Opere
350 2068 442 2114 autem
466 2061 587 2130 pretium
607 2075 661 2115 non
684 2060 755 2116 duco
778 2059 848 2115 illud
868 2061 902 2116 de
922 2061 1059 2118 industria
1079 2061 1220 2131 resellere;

77 2164 166 2220 usque
184 2150 253 2206 adeo
270 2150 344 2205 enim
363 2148 468 2206 Christi
487 2150 596 2205 bomini
614 2150 701 2205 indoli
722 2159 750 2205 et
765 2151 847 2206 modo
870 2152 983 2224 agendi,
999 2161 1081 2222 prout
1098 2169 1132 2208 ex
1150 2169 1221 2211 novo

77 2241 256 2296 Testamento
270 2240 460 2313 cognoscitur,
477 2248 625 2314 repugnat,
641 2248 672 2295 ut
685 2240 775 2297 nevel
794 2241 989 2297 tenuissimum
1007 2258 1122 2299 examen
1134 2242 1220 2312 lerat;

77 2330 152 2400 quod
167 2340 242 2387 recte
257 2333 452 2388 animadvertit
470 2333 530 2405 ipse
548 2333 673 2400 Strauss‚
691 2334 739 2404 qui
758 2333 819 2405 ejus
835 2335 1055 2392 imbecillitatem
1072 2348 1101 2392 et
1116 2337 1223 2394 falsita-

77 2430 136 2475 tem
156 2420 230 2478 facili
250 2425 359 2497 negotio
380 2424 552 2480 demonstrat
579 2421 639 2497 (ὅ).
663 2423 818 2480 Notandum
836 2441 917 2496 porro
931 2435 973 2481 est
985 2426 1137 2482 doctrinam
1152 2428 1224 2484 hanc

78 2527 178 2567 novam
196 2529 251 2569 uon
266 2530 341 2582 esse,
356 2516 404 2571 sed
416 2517 473 2587 iam
487 2515 586 2587 primis
603 2516 711 2572 saeculis
724 2533 739 2570 a
752 2517 885 2588 gnosticis
899 2516 985 2572 luisse
1000 2526 1220 2589 propugnatam:

78 2601 151 2671 quod
170 2603 303 2671 vidimus,
322 2607 370 2660 ubi
387 2605 422 2660 de
441 2605 469 2661 S.
491 2605 610 2670 irenaeo,
631 2606 677 2677 qui
696 2622 744 2662 eos
763 2606 885 2676 perbelle
904 2605 1038 2671 confutat,
1066 2621 1223 2662 sermonem

80 2692 261 2748 habebamus.

117 2783 167 2837 llis
186 2791 280 2837 autem
302 2782 343 2836 sic
360 2781 489 2838 delibatis
506 2784 612 2854 liquido
632 2795 741 2841 constat
758 2803 812 2858 quo
831 2787 942 2842 tandem
962 2786 1043 2842 ducat
1056 2786 1225 2857 principium

80 2869 150 2926 illud
169 2886 223 2941 quo
245 2871 345 2926 nititur
365 2874 627 2942 protestantismus‚
647 2875 693 2929 ubi
711 2877 784 2931 serio
803 2877 896 2932 animo
925 2886 952 2932 et
971 2876 1052 2948 plene
1072 2877 1106 2932 ad
1131 2878 1225 2951 Scrip-

79 2970 206 3017 turarum
237 2961 493 3032 interpretationem
519 2964 748 3021 accommodatur.
782 2964 864 3021 Omni
895 2968 1044 3024 traditione
1071 2969 1225 3042 dogmatica

78 3052 161 3124 plane
185 3052 356 3124 posthabita,
375 3052 409 3107 ad
429 3052 514 3109 libros
536 3071 629 3111 sacros
649 3056 808 3129 aggreditur
828 3057 965 3129 interpres
984 3073 1086 3129 eosque
1105 3060 1225 3115 examini

79 3142 205 3213 subjicit,
219 3143 338 3214 judicat,
353 3143 552 3215 interpretatur
570 3147 686 3218 perinde
704 3147 773 3204 acsi
789 3147 895 3220 prolaul
907 3148 1006 3205 forent.
1028 3149 1098 3203 llinc
1111 3151 1226 3204 mutilos

79 3248 183 3300 canon,
198 3235 305 3289 sublata
325 3234 486 3304 inspiratio,
506 3235 578 3291 haud
599 3237 738 3294 intellecta
758 3239 896 3307 doctrina,
916 3248 943 3295 et
963 3241 1089 3314 dogmata
1108 3240 1224 3306 rationi,

79 3341 140 3395 quae
163 3326 221 3380 sola
240 3340 401 3396 supremum
419 3325 473 3380 sibi
489 3326 626 3396 judicium
646 3328 780 3395 vindicat,
802 3329 934 3400 impervia
952 3346 1067 3401 prorsus
1080 3338 1178 3402 negata
1197 3340 1224 3386 et

79 3415 304 3472 christianismus
318 3416 466 3472 universus
479 3416 512 3472 ad
526 3416 698 3473 arctissimos
711 3418 827 3473 rationis
841 3419 945 3474 limites
959 3427 1112 3475 revocatus.

111 3601 156 3666 (l)
176 3602 217 3652 Sic
229 3600 324 3652 alicubi
336 3604 479 3665 Semlerus,
493 3603 524 3654 de
536 3621 611 3672 opere
628 3603 761 3673 cujusdam
773 3604 860 3656 deistae
872 3605 942 3673 angli
954 3605 1034 3657 rerba
1045 3605 1156 3667 iaciens,
1170 3606 1206 3658 ait
1221 3622 1227 3656 :

78 3699 92 3732 a
107 3681 232 3744 Quoniam
248 3681 338 3749 religio
356 3684 495 3735 christiana
512 3686 562 3736 suit
576 3693 678 3736 tantum
690 3685 781 3752 religio
794 3685 881 3736 localis
893 3723 900 3748 ,
912 3686 968 3737 ficri
981 3685 1072 3752 nequit
1086 3692 1116 3736 ut
1127 3702 1156 3736 ea
1166 3686 1229 3736 reli-

78 3763 119 3831 gio
143 3763 299 3815 universalis
321 3765 455 3818 efficiatur.
469 3783 482 3816 n
504 3767 560 3818 vid.
579 3771 685 3817 Zositze
703 3784 734 3817 za
753 3770 820 3817 Lord
846 3773 1014 3832 Borrinptorta
1033 3770 1142 3819 Veraoclt
1165 3770 1228 3819 iiber

79 3849 164 3900 Christ
179 3849 232 3896 ond
242 3849 290 3896 dett
301 3851 428 3910 Delemna,
442 3856 504 3909 etc,
519 3866 545 3916 p.
558 3854 616 3898 att.

109 3929 157 3992 (Ξ)
175 3927 221 3979 eff.
234 3931 389 3991 Porophrur.
407 3933 436 3980 io
454 3933 523 3993 Epist
538 3932 572 3979 nd
584 3934 650 3979 Rota.
667 3931 743 3994 proef.
755 3959 789 3968 -
803 3932 979 3996 Vorbcreitmrg
993 3949 1041 3982 zur
1056 3933 1130 3982 theol.
1149 3935 1227 3984 herm.

78 4014 266 4073 -Apporotoa
282 4013 316 4060 od
328 4012 495 4061 liberaliorem
510 4015 540 4061 N.
559 4015 585 4061 Τ.
598 4014 835 4075 interpretationem.
845 4017 919 4063 —De
940 4016 1084 4066 discrimine
1100 4018 1229 4064 motionum

79 4093 225 4155 origarium
235 4099 257 4142 et
268 4095 466 4144 christianorum
478 4097 505 4145 ir
520 4099 551 4144 N.
565 4098 590 4144 T.
605 4095 767 4145 observando.
775 4122 809 4132 -
819 4099 853 4145 De
863 4098 1006 4150 discrimina
1018 4102 1085 4149 inter
1095 4113 1228 4164 σαρκικους

78 4180 102 4224 ot
113 4188 301 4238 πνευματικους.

113 4255 159 4320 (3)
175 4259 218 4306 Die
227 4259 368 4309 christliche
380 4259 585 4319 atrabensem,
599 4265 661 4310 torn.
680 4258 705 4319 l,
719 4275 746 4326 p.
763 4262 884 4311 tta-151.
