3150 5160
360 372 420 432 t08
517 384 760 429 rnorusrunrruu
784 383 937 427 rnrnuuuu
960 385 999 427 ou
1020 383 1365 431 uenteroutsueunouo.

357 532 526 607 huglicanos
543 531 658 588 cuilibet
671 528 825 586 christiano
841 528 887 600 jus
905 544 968 586 csse
984 539 1016 586 nt
1038 544 1090 586 suo
1102 529 1191 601 ipsius
1211 538 1319 587 tantum
1343 532 1448 604 judicio
1468 535 1513 590 in·

358 622 442 678 uirus
453 621 611 694 Scripturas
623 621 823 692 interpretetur
836 627 919 691 atque
931 635 966 675 cx
979 620 1021 675 eis
1034 619 1179 692 religionis
1190 619 1343 678 doctrinam
1356 623 1511 699 eliciatll).

395 711 482 767 Porro
495 726 550 783 quo
563 709 671 766 facilius
682 725 764 766 suum
777 709 912 766 adversus
925 710 1077 766 Ecclesiam
1091 710 1256 767 catholicam
1270 721 1419 769 tuerentur
1432 716 1513 787 prin-

361 801 482 871 cipium,
506 800 534 856 id
556 810 647 857 ratum
670 817 703 856 ac
725 799 837 856 firmum
857 800 980 857 habuere
1002 800 1155 856 Lutherani
1177 810 1205 857 et
1227 801 1398 870 Calvinistae,
1419 806 1514 860 omnia

360 891 489 964 dogmata
505 890 539 947 ad
559 891 677 947 salutem
695 891 850 946 necessaria
863 891 936 946 clere
951 907 983 946 ae
997 893 1140 962 perspicue
1153 890 1183 945 in
1197 892 1283 947 sacris
1297 892 1410 949 Litteris
1425 893 1513 963 tradi,
1544 915 1545 919 ¹

362 985 401 1039 ita
419 991 450 1038 ut
469 982 545 1037 nulla
562 982 793 1053 interpretatione
809 990 919 1054 egeant,
936 980 986 1036 sed
1005 980 1135 1036 facillime
1153 997 1169 1036 a
1186 982 1309 1052 quolibet
1326 984 1433 1055 percipi
1449 1001 1514 1056 pos·
1531 992 1534 1001 '

363 1073 432 1130 sint.
454 1071 500 1128 Sic
522 1070 591 1128 illud
614 1071 734 1128 ederunt
756 1070 945 1128 Collocutores
968 1071 1186 1128 Ratisbonenses
1209 1088 1215 1126 :
1241 1071 1458 1145 «Quaecumque
1479 1075 1514 1130 ad

364 1163 484 1218 salutern
506 1163 579 1218 scitu
600 1161 756 1218 necessaria
777 1169 855 1226 suut,
880 1161 948 1216 satis
968 1163 1111 1231 perspicue
1135 1171 1162 1217 et
1184 1163 1304 1217 dilucide
1326 1164 1355 1218 iu
1378 1171 1512 1236 utroque,

364 1268 437 1310 novo
456 1252 610 1325 praesertim
623 1254 811 1319 Testamento‚
831 1251 912 1308 nobis
931 1251 966 1307 ob
986 1252 1082 1308 oculos
1105 1252 1196 1323 posita
1215 1266 1292 1315 esse,
1313 1251 1363 1306 Dei
1379 1252 1514 1310 beneficio

364 1344 543 1418 agnoscimus
559 1341 614 1416 (ἓ).
629 1362 644 1395 u
660 1343 700 1398 Er
713 1341 869 1399 reformatis
881 1350 989 1409 autem,
1003 1343 1130 1416 synopsis
1148 1341 1269 1413 purioris
1283 1341 1428 1416 theologiae
1445 1343 1514 1416 Lep·

365 1433 462 1491 densis
486 1433 585 1490 tribuit
611 1433 694 1490 etiam
717 1433 942 1504 perspicuitatem
967 1431 1117 1504 Scripturae
1142 1432 1170 1487 in
1202 1431 1368 1488 necessariis
1395 1432 1460 1489 lidei
1486 1443 1515 1489 et

367 1539 477 1581 morum
500 1521 563 1598 (ὅ).
1498 1578 1500 1583 .

415 1613 523 1682 Quibus
545 1614 707 1670 constitutis
732 1613 820 1686 liquet
844 1614 925 1684 plane
947 1628 982 1668 ex
1003 1612 1225 1685 protestantismi
1248 1612 1387 1668 artificum
1408 1612 1514 1683 iudicio

368 1704 528 1762 universam
545 1703 648 1760 Christi
661 1704 815 1760 doctrinam
832 1704 866 1759 ad
883 1704 1001 1760 salutem
1018 1703 1204 1760 necessariam
1222 1704 1252 1758 in
1265 1703 1418 1775 Scripturis
1434 1719 1514 1774 repe-

368 1795 434 1862 riri,
448 1794 628 1868 eamdemque
644 1795 683 1850 ibi
699 1794 773 1851 clare
785 1802 813 1850 et
827 1796 974 1866 perspicue
988 1808 1148 1861 occurrere;
1163 1802 1190 1849 et
1207 1809 1289 1865 porro
1303 1809 1443 1865 quemque
1461 1794 1514 1850 sibi

369 1886 399 1940 in
420 1884 571 1957 Scripturis
594 1884 810 1956 interpretandis
831 1885 954 1957 adeoque
975 1884 1117 1941 formanda
1140 1884 1275 1958 religione
1295 1884 1461 1958 magistrum
1484 1899 1517 1940 ac

367 1974 489 2047 judicem
508 1991 591 2032 esse:
610 1975 686 2030 nulla
704 1975 806 2046 quippe
825 1974 942 2031 habetur
959 1976 1109 2031 auctoritas
1127 1976 1207 2046 cujus
1226 1990 1336 2046 aequum
1356 1991 1463 2032 munus
1481 1975 1518 2030 sit

369 2067 488 2139 populos
510 2066 626 2123 edocere
647 2076 694 2122 ant
717 2069 937 2134 controversias,
958 2066 983 2122 si
1005 2083 1067 2139 quae
1089 2066 1206 2133 luerint,
1231 2081 1406 2137 componere.
1430 2064 1518 2138 igitur

370 2158 585 2229 protestantium
602 2157 697 2230 regula
713 2158 852 2226 formello,
871 2168 901 2214 nt
917 2158 1008 2223 aiunt,
1028 2172 1062 2214 ex
1078 2158 1193 2214 adverso
1211 2166 1346 2231 repugnat
1366 2155 1518 2211 catholico-

370 2263 434 2303 rum
448 2246 588 2303 methodo.
606 2247 658 2302 llio
676 2248 836 2318 agnoscitur
854 2248 1046 2321 magisterium
1062 2263 1204 2303 summum
1223 2262 1256 2303 eo
1273 2247 1434 2302 institutum
1451 2262 1519 2301 con·

372 2336 452 2403 silio,
467 2349 499 2393 ut
515 2337 649 2411 integram
666 2352 698 2392 ac
714 2352 827 2408 puram,
844 2353 927 2410 quam
944 2346 1035 2405 tenet,
1049 2336 1204 2394 doctrinam
1224 2338 1335 2410 populis
1355 2337 1460 2403 tradat,
1478 2346 1518 2403 et,

372 2426 520 2500 siquando
536 2426 631 2484 oborta
648 2425 731 2482 inerit
744 2429 945 2495 controversia,
958 2427 1026 2498 quid
1041 2443 1153 2495 verum,
1170 2428 1236 2499 quid
1253 2427 1353 2483 salsum
1370 2427 1407 2483 sit
1422 2427 1520 2483 decer-

372 2527 433 2584 nat,
443 2527 527 2590 atque
537 2533 568 2573 ea
578 2517 690 2589 quidem
700 2518 760 2592 lege
772 2528 801 2574 ut
814 2519 875 2589 ejus
885 2518 996 2575 decreto
1009 2534 1106 2574 omnes
1115 2518 1301 2574 obedientiam
1314 2527 1462 2591 praestent,
1475 2519 1520 2574 sin

373 2610 481 2678 minus,
494 2611 669 2665 anathemate
678 2609 872 2682 percellantur.
888 2608 948 2664 lllic
961 2618 1052 2663 autem
1067 2609 1185 2681 quisque
1195 2608 1250 2664 sibi
1260 2616 1319 2664 tum
1333 2609 1363 2663 in
1373 2608 1521 2677 discenda,

373 2713 433 2759 tum
452 2703 481 2758 in
499 2700 600 2758 tuenda
613 2717 666 2756 rua
680 2700 814 2773 religione
830 2699 1015 2770 permittitur,
1029 2712 1080 2754 nec
1093 2698 1170 2754 ullus
1188 2714 1310 2770 unquam
1325 2698 1409 2754 alicui
1425 2707 1523 2755 aucto-

373 2790 450 2848 ritati
474 2791 613 2864 privatum
633 2790 769 2862 judicium
793 2790 931 2862 subjicere
954 2789 1045 2845 debet.
1071 2789 1206 2846 Catholici
1228 2789 1413 2846 institutionis
1438 2797 1525 2860 atque

374 2881 561 2949 auctoritatis,
579 2890 765 2954 protestantes
779 2881 896 2952 spiritus
909 2891 991 2953 atque
1005 2881 1141 2937 examinis
1157 2880 1259 2952 privati
1276 2879 1440 2935 methodum
1461 2895 1525 2936 sec·

373 2981 479 3028 tantur.
490 2971 525 3028 ht
538 2971 769 3042 quemadmodum
787 2972 941 3038 catholicae,
955 2987 1016 3042 quae
1029 2988 1103 3027 nunc
1122 2980 1180 3036 est,
1194 2971 1343 3036 Ecclesiae,
1368 2971 1408 3025 ita
1431 2979 1476 3037 et,
1492 2980 1526 3028 ut

375 3077 411 3119 ex
436 3062 571 3119 hactenus
595 3063 744 3135 disputatis
772 3061 879 3133 liquet,
902 3061 1008 3132 antiqui
1036 3061 1237 3119 christianismi
1266 3060 1396 3117 methodo
1426 3071 1526 3132 aperte

375 3160 512 3226 repugnat
530 3151 751 3223 protestantismi
769 3151 947 3223 principium.
965 3151 1045 3208 Falsa
1059 3153 1144 3227 igitur
1156 3162 1239 3226 atque
1252 3167 1267 3208 a
1281 3151 1392 3208 Christo
1405 3152 1526 3209 Domino

408 3322 448 3388 (l)
462 3321 501 3375 Gi.
517 3321 550 3372 cl.
569 3322 711 3383 Wisemen,
733 3320 895 3387 Confircucee
910 3338 955 3373 aur
975 3324 1010 3373 loe
1030 3325 1155 3374 doctrines
1174 3331 1197 3374 et
1216 3328 1251 3375 lee
1268 3327 1399 3388 proliquee
1420 3327 1455 3375 les
1465 3325 1530 3386 plus

374 3407 536 3468 importentea
551 3405 581 3454 de
591 3400 692 3470 l'ligtiee
706 3408 846 3469 catholique
854 3434 888 3443 -
898 3405 1023 3456 treduitcs
1038 3405 1069 3456 de
1084 3405 1202 3472 l'englnis
1212 3444 1220 3468 ,
1232 3405 1274 3456 ed.
1287 3406 1433 3467 Bruxellcs,
1447 3407 1528 3464 1839,

373 3495 435 3539 tom.
447 3487 471 3549 1,
484 3504 511 3555 p.
524 3487 575 3537 66-
583 3491 623 3538 69.
635 3485 733 3537 Ibidem
745 3487 781 3538 ita
791 3486 908 3554 loquitur
920 3487 950 3538 de
962 3487 1163 3554 Anglicanornm
1174 3489 1282 3556 regule:
1296 3489 1342 3539 cll
1355 3497 1393 3539 est
1405 3505 1528 3542 convcnu

373 3568 467 3636 qu’clle
477 3568 587 3622 consiste
598 3569 662 3620 dens
674 3568 699 3620 la
711 3568 872 3637 prerogative
884 3568 1093 3631 indestructible,
1107 3569 1170 3621 dans
1182 3571 1207 3621 le
1216 3570 1341 3638 privilege
1352 3571 1529 3633 inalienable,

371 3651 459 3702 nesure
471 3650 486 3702 ie
497 3651 595 3719 chaque
606 3649 721 3705 chritien
730 3649 848 3701 d'dtablir
859 3650 1005 3712 lui-meme,
1018 3668 1065 3718 par
1079 3670 1124 3704 son
1136 3669 1230 3722 propre
1244 3653 1393 3720 jugement,
1406 3652 1432 3703 la
1444 3651 1531 3704 verite

372 3731 455 3784 deses
470 3750 607 3800 croyances
618 3748 663 3784 sur
679 3733 703 3782 le
719 3732 785 3783 livre
799 3747 849 3799 que
860 3732 924 3784 Dieu
936 3749 949 3782 a
961 3733 1045 3786 revehi
1061 3750 1112 3786 aux
1123 3734 1250 3797 hommes;
1262 3734 1323 3785 bien
1338 3735 1412 3803 plus,
1426 3734 1532 3803 d‘apries

371 3815 398 3866 la
410 3815 478 3883 rbgle
489 3817 525 3868 du
539 3815 644 3868 docteur
660 3813 810 3881 Reveridgc,
822 3813 891 3882 regie
903 3813 1008 3883 adoptee
1024 3833 1072 3884 per
1086 3817 1196 3869 d'autres
1212 3825 1317 3868 auteurs
1333 3817 1468 3869 modernes
1482 3835 1532 3880 ,ce

371 3896 438 3948 n’est
448 3915 495 3965 pas
505 3898 647 3949 seulement
658 3914 710 3947 une
722 3895 829 3958 ieeultie,
842 3897 902 3948 c’est
915 3914 952 3948 un
963 3897 1051 3950 devoir
1069 3915 1135 3966 pour
1145 3899 1182 3949 les
1194 3898 1321 3950 chritiens
1333 3899 1532 3966 d'approiondir

372 3985 456 4030 toutcs
466 3979 505 4029 les
513 3994 622 4044 preuves
632 3993 677 4029 sur
688 3976 824 4046 lesquelles
834 3977 866 4028 ils
875 3977 965 4031 basent
976 3980 1033 4031 leur
1042 3981 1088 4044 ioi,
1101 3980 1214 4048 d’e'tayer
1225 3988 1281 4033 tout
1292 3980 1400 4032 l’e'difice
1411 3981 1444 4032 de
1456 3981 1531 4035 leurs

372 4075 511 4126 croyences
523 4077 568 4113 sur
579 4061 704 4112 l’examen
716 4059 868 4113 individuel.
880 4079 894 4112 u
907 4079 932 4130 p.
945 4063 987 4114 69.

407 4143 450 4209 (2)
464 4145 558 4208 Golloq.
570 4145 666 4195 ltatieb.
681 4143 746 4194 thes.
758 4147 775 4194 5
786 4151 812 4195 et
824 4147 848 4194 6.

406 4227 450 4289 (5)
462 4229 559 4291 nuperi.
573 4231 603 4288 5,
617 4228 677 4277 thee.
690 4230 729 4276 ll.
747 4224 785 4275 Gi.
798 4223 1044 4294 Walenburgenscs,
1057 4229 1180 4280 llletlredue
1197 4231 1396 4295 Atrpuetr'uianu,
1414 4237 1483 4301 part.
1504 4231 1529 4290 l,

375 4323 397 4356 c.
416 4307 445 4356 ll.
1057 4326 1059 4331 ·
1439 4317 1441 4320 ⁴
