3150 5160
370 343 409 401 id
662 359 779 403 canrsrr
802 360 954 404 unvnnaus
975 361 1013 404 nc
1033 360 1210 405 caraxante.

367 501 513 569 indiderit;
531 503 661 574 quoniam
683 504 872 561 intelleximus
891 505 985 561 lesum
1006 515 1033 561 et
1052 505 1197 578 Apostolos
1216 522 1387 578 nequaquam
1409 505 1508 564 lunda-

367 594 453 649 menti
472 596 532 650 leco
553 594 709 666 Scripturas
726 595 864 666 posuisse,
891 611 981 666 neque
1000 596 1099 667 privati
1119 596 1253 653 examinis
1276 612 1308 652 ac
1324 597 1437 668 judicii,
1459 598 1508 654 sed

368 684 552 741 institutionis
569 694 596 741 et
611 686 783 741 auctoritatis
802 685 874 741 viam
893 696 1026 758 perpetuo
1039 687 1248 743 commendasse
1267 697 1294 743 et
1306 696 1425 743 sectatos
1438 687 1508 743 luis-

367 789 412 838 se,
434 782 522 828 restat
545 782 576 828 ut
601 789 747 847 pergamus
773 775 948 832 considerare
974 776 1203 846 quemadmodum
1229 775 1453 831 christianismus
1478 775 1507 831 in

367 871 509 932 posterum
533 877 564 916 se
586 861 678 933 ipsum
705 862 882 920 intellexerit.
907 865 966 933 Quo
988 864 1099 936 quidem
1122 874 1201 936 pacto
1223 865 1323 935 cuique
1344 863 1507 919 facillimum

368 952 422 1006 erit
433 951 557 1022 judicatu
572 960 682 1008 rectene
695 969 730 1008 an
744 970 825 1011 secus
838 955 941 1012 Christi
955 954 1204 1027 Apostolorumque
1218 956 1291 1011 viam
1305 970 1337 1010 ae
1350 955 1508 1011 institutum

367 1041 501 1097 fuerimus
529 1043 664 1107 assecuti;
689 1045 783 1114 procul
807 1044 891 1100 dubio
914 1045 988 1100 enim
1015 1060 1095 1100 nemo
1120 1044 1221 1100 dixerit
1242 1044 1408 1100 christianos
1428 1060 1507 1111 mox,

367 1131 506 1203 Apostolis
524 1147 539 1186 e
557 1131 628 1188 vivis
641 1134 804 1200 sublatis‚a
823 1135 929 1191 ratione
948 1144 975 1190 et
993 1134 1122 1191 methodo
1141 1135 1175 1189 ab
1200 1134 1269 1206 ipsis
1288 1143 1399 1205 accepta
1416 1133 1507 1189 desci-

367 1221 456 1287 visse,
474 1222 511 1277 ita
529 1223 640 1293 quidem
664 1233 694 1280 ut
712 1224 871 1280 christianae
889 1223 1031 1298 religionis
1049 1223 1156 1280 indoles
1177 1238 1210 1278 ac
1231 1232 1329 1279 natura
1352 1223 1408 1278 illis
1427 1223 1508 1294 plane

368 1310 453 1367 luerit
469 1311 571 1386 ignota.

365 1531 1508 1557 w

824 1689 962 1772 turbt
988 1689 1053 1770 lll.

479 1916 512 1955 DE
530 1915 568 1956 SS.
590 1916 722 1957 caretate.
735 1931 771 1941 ·-·
783 1917 911 1959 bellonas
931 1919 1048 1960 PRAEVIAE·
1062 1935 1098 1944 -·
1116 1919 1214 1961 elanus
1233 1919 1395 1962 aeosrottct.

405 2095 539 2164 Quoniam
556 2114 609 2155 noo
626 2107 782 2155 emortuum
796 2110 823 2156 et
839 2101 980 2157 cadaveris
997 2101 1085 2157 instar
1097 2102 1243 2157 immotum
1256 2100 1336 2171 quid,
1352 2101 1400 2156 sed
1413 2101 1507 2156 vivum

367 2197 450 2256 atque
464 2188 491 2242 vi
509 2197 642 2259 perpetuo
657 2198 769 2245 actuosa
784 2190 928 2261 praeditum
950 2191 1107 2246 institutum
1124 2199 1167 2246 est
1180 2206 1257 2246 sacra
1275 2189 1378 2246 Christi
1397 2191 1509 2265 religio,

368 2275 429 2332 ideo
443 2276 501 2331 [ieri
516 2293 570 2333 non
585 2278 675 2348 potuit
687 2279 753 2349 quin
770 2280 888 2349 plurima
901 2280 1052 2350 cademque
1064 2280 1156 2353 gravia
1173 2282 1217 2335 sui
1231 2295 1280 2350 per
1292 2288 1386 2335 aetates
1400 2280 1510 2335 itineris

369 2374 530 2438 argumenta
545 2367 723 2438 relinqueret.
738 2370 801 2425 llaec
813 2386 894 2442 porro
908 2372 1042 2428 transitus
1055 2373 1169 2446 vestigia
1183 2373 1210 2426 in
1225 2371 1353 2427 universa
1368 2371 1510 2445 religionis

370 2455 499 2523 historia,
513 2457 541 2512 in
555 2459 692 2514 universis
704 2460 852 2526 institutis,
868 2461 992 2518 moribus
1005 2478 1037 2518 ac
1050 2463 1113 2518 vitae
1126 2461 1326 2518 cousuetudine
1339 2461 1511 2518 offendamus

370 2559 485 2600 necesse
501 2555 557 2612 est;
572 2548 645 2617 quod
662 2549 735 2603 enim
752 2550 845 2607 animo
864 2560 959 2608 tenent
978 2552 1120 2618 homines,
1138 2551 1167 2606 id
1184 2550 1322 2606 sexcentis
1340 2551 1442 2616 modis,
1460 2567 1512 2622 pro

369 2633 562 2704 adjunctorum
585 2640 802 2709 opportunitate,
822 2642 943 2698 exterius
965 2643 1079 2714 prodere
1102 2651 1316 2698 consueverunt.
1337 2641 1432 2711 ltaque
1454 2655 1512 2695 non

370 2724 451 2780 modo
470 2741 485 2780 a
505 2727 616 2781 Petrum
636 2728 760 2799 scriptis,
779 2746 874 2786 verum
892 2731 975 2786 etiam
993 2731 1028 2787 ab
1047 2731 1082 2786 iis
1098 2730 1227 2787 omnibus
1243 2744 1304 2800 quae
1326 2729 1399 2784 inter
1420 2728 1512 2784 chris-

370 2814 460 2870 tianos
479 2816 540 2872 lieri
562 2818 703 2886 solebant,
720 2830 880 2894 argumenta
902 2831 996 2892 petere
1009 2836 1155 2893 possemus
1178 2819 1280 2891 quibus
1304 2819 1392 2874 thesis
1414 2828 1511 2875 nostra

369 2904 541 2974 firmaretur,
563 2909 785 2980 quandoquidem
811 2927 865 2965 non
892 2912 995 2982 scripto
1021 2919 1148 2976 tantum,
1171 2909 1219 2965 sed
1245 2918 1273 2964 et
1295 2909 1422 2980 pluribus
1447 2908 1512 2964 aliis

369 2995 478 3051 actibus
496 2997 617 3053 externis
637 3014 714 3054 mens
731 2998 839 3054 interna
856 3000 1001 3056 manifesta
1018 3000 1120 3056 existit.
1135 2999 1171 3057 At
1186 3014 1222 3054 ne
1239 2999 1348 3073 longius
1362 3014 1444 3069 quam
1462 3013 1512 3068 par

372 3085 409 3140 sit
425 3085 609 3152 abducamur,
624 3087 686 3143 ideo
703 3088 732 3142 iu
747 3088 871 3143 doctrina
888 3090 998 3145 Patrum
1016 3090 1175 3161 exponenda
1192 3089 1311 3144 maxime
1326 3088 1511 3145 versabimur.

370 3175 431 3243 Quo
444 3176 532 3250 magis
545 3186 638 3232 mmcn
651 3179 753 3249 liqueat
765 3179 994 3248 quemadmodum
1008 3180 1043 3235 ab
1055 3180 1184 3236 universa
1197 3179 1360 3249 antiquitate
1372 3178 1512 3235 intellecta

370 3265 453 3321 luerit
471 3267 670 3323 christianismi
684 3268 804 3334 indoles,
817 3284 918 3340 pauca,
935 3268 1045 3324 traditis
1061 3270 1173 3325 Patrem
1189 3269 1240 3324 hac
1256 3269 1290 3324 dc
1306 3283 1335 3323 re
1351 3267 1511 3339 principiiS,

370 3354 405 3410 de
426 3355 532 3412 ratione
551 3372 605 3428 qua
623 3357 793 3414 auctoritatis
812 3359 856 3414 via
875 3359 904 3414 in
923 3359 1049 3415 conciliis
1073 3359 1121 3415 illa
1143 3366 1223 3414 aetate
1241 3357 1343 3413 habitis
1366 3356 1513 3428 patefiebat

370 3444 508 3514 adjiciam.

407 3537 573 3608 Priusquam
588 3554 653 3594 vero
667 3539 825 3596 christianae
839 3539 980 3614 religionis
994 3539 1171 3595 methodume
1186 3535 1233 3594 SS.
1245 3539 1356 3594 Patrum
1372 3552 1420 3594 ore
1436 3537 1512 3593 exci-

370 3625 490 3696 piamus,
506 3643 595 3698 operae
607 3629 726 3699 pretium
739 3630 807 3696 erit,
822 3639 852 3685 ut
865 3630 976 3701 opinor,
986 3627 1111 3698 quaedam
1124 3628 1170 3684 hic
1183 3627 1255 3684 circa
1267 3628 1379 3685 illorum
1392 3627 1509 3699 scripta,

370 3715 525 3788 horumque
543 3734 623 3775 usum
642 3719 670 3774 io
688 3729 863 3775 antecessum
881 3732 1002 3774 monere.

407 3807 529 3861 Primum
547 3808 656 3878 quidem
676 3808 748 3879 apud
767 3808 878 3871 Patres,
897 3817 927 3862 ut
946 3806 1018 3877 apud
1037 3805 1159 3877 reliquos
1178 3808 1328 3880 scriptores
1348 3809 1511 3879 omnesqui

371 3894 405 3950 dc
419 3895 542 3965 quolibet
555 3897 682 3953 instituto
693 3899 811 3969 positivo
825 3897 1029 3962 disseruerunt,
1043 3896 1096 3952 tria
1109 3912 1253 3954 occurrere
1266 3900 1356 3955 solent
1370 3909 1510 3954 momenta

371 3987 456 4056 probe
468 3986 659 4043 discernenda.
674 3989 722 4044 Vel
736 3988 809 4043 enim
824 3988 864 4042 illi
879 3995 1016 4043 testantur
1032 3986 1191 4042 institutum
1204 3987 1256 4043 boc
1270 4005 1366 4061 reapse
1380 3997 1507 4056 exstare;

369 4077 414 4132 vel
435 4087 595 4151 argumenta
617 4078 736 4135 afferunt
761 4079 863 4149 quibus
885 4087 933 4133 aut
955 4076 1017 4147 ejus
1039 4076 1183 4132 existentia
1206 4088 1254 4134 aut
1276 4080 1358 4135 etiam
1384 4079 1509 4134 occessi-

371 4177 414 4222 tas
433 4170 641 4238 comprobetur;
661 4169 704 4224 vel
723 4168 842 4239 denique
859 4167 980 4224 theorias
994 4165 1132 4232 condunt,
1146 4182 1262 4238 quarum
1276 4185 1328 4240 ope
1344 4183 1423 4222 meos
1436 4166 1508 4223 illud

370 4257 458 4331 magis
479 4256 632 4332 intelligere
650 4273 683 4315 ac
705 4268 831 4316 mutuum
854 4273 956 4315 nexum
977 4272 1031 4327 quo
1052 4255 1167 4330 singulae
1188 4256 1249 4330 eius
1272 4266 1363 4332 partes
1384 4256 1458 4312 inter
1477 4272 1509 4314 sc
