3150 5160
213 337 272 399 tat
399 353 531 397 ursrotut
553 352 800 397 enorusmnrrsur
822 354 953 396 uernum
976 352 1171 395 unuvmtuuu.

209 507 267 562 tes,
282 513 315 553 eo
331 498 408 555 brevi
425 498 572 554 deveniant
589 513 702 555 necesse
719 507 763 555 est
778 508 809 554 ut
825 498 933 554 nullum
949 498 1047 571 dogma
1064 498 1099 553 ad
1117 499 1235 555 salutem
1255 511 1351 554 neces-

210 586 314 643 sarium
335 587 452 644 dicatur.
476 587 648 659 Quicumque
666 588 720 644 sibi
744 588 836 660 aliqua
860 589 967 646 ratione
988 597 1116 645 constare
1134 589 1296 655 voluerunt,
1323 588 1354 644 id

211 677 322 733 demum
340 679 465 735 confiteri
484 688 551 734 suut
568 679 665 734 coacti.

248 770 282 825 Et
297 785 362 825 vero
379 770 480 826 saeculo
496 769 568 824 Xllll
585 769 688 840 ubique
705 777 923 842 propugnatores
941 768 1093 825 acerrimos
1113 777 1193 824 nacta
1212 777 1255 824 est
1272 783 1304 823 ea
1320 767 1356 824 de

210 860 356 914 tolerantia
373 860 508 917 doctrina.
526 858 642 915 Plurimi
660 875 692 914 ex
711 859 850 932 germanis
867 859 1003 932 theologis
1018 859 1059 914 illi
1072 860 1209 915 calculum
1226 858 1353 930 adjecere

211 958 239 1006 ct
260 949 356 1004 eadem
377 949 406 1004 in
428 950 573 1005 llollandia
594 952 750 1007 communis
771 959 845 1018 erat,
867 958 898 1006 ut
917 950 976 1022 jam
999 965 1033 1006 ex
1057 950 1173 1021 epistola
1195 951 1353 1006 Desmarets

212 1053 296 1110 supra
311 1038 432 1093 vidimus
452 1036 509 1112 (1).
524 1039 598 1095 luter
614 1040 764 1096 Germanos
780 1040 956 1111 potissimum
976 1038 1139 1096 nominandi
1159 1048 1226 1096 suut
1237 1039 1353 1095 Strime-

214 1129 273 1185 sius
290 1127 349 1203 (1),
363 1129 534 1196 Leibnitius‚
553 1128 728 1185 Christianus
747 1130 927 1197 Thomasius,
948 1130 1110 1201 Breithaupt
1129 1128 1188 1203 (5),
1210 1128 1353 1185 Conradus

213 1219 328 1293 Bergius
344 1217 402 1293 (1),
413 1219 532 1275 loannes
544 1220 667 1292 bergius.
682 1220 717 1275 lli
730 1236 827 1276 omnes
846 1220 1002 1276 sentiebant
1013 1219 1154 1274 neminem
1167 1218 1353 1274 damnandum

215 1311 261 1381 qui
283 1309 439 1382 Scripturas
461 1309 539 1381 sequi
560 1309 693 1375 voluerit,
714 1309 767 1365 etsi
789 1309 906 1366 fortasse
927 1309 1036 1365 nullum
1058 1325 1129 1380 pene
1150 1308 1248 1382 dogma
1270 1308 1352 1364 iniis

213 1400 420 1472 deprehendere
432 1400 486 1457 sibi
501 1400 654 1466 videretur;
669 1399 763 1470 plures
775 1408 868 1455 autem
885 1399 989 1455 diserte
1001 1400 1080 1456 aiunt
1097 1400 1263 1456 adsalutem
1278 1398 1352 1455 sulii·

215 1507 278 1548 cere
298 1491 385 1548 bonos
406 1506 512 1555 mores,
531 1506 582 1546 nec
604 1506 674 1562 opus
694 1505 756 1547 esse
781 1498 812 1544 ut
834 1489 903 1545 tides
928 1490 979 1545 ulli
997 1490 1117 1564 dogmati
1136 1491 1287 1546 theoretico
1306 1489 1353 1545 ad·

216 1581 352 1637 hibentur.
367 1581 412 1638 Sic
430 1581 594 1638 Thomasius
609 1581 638 1636 in
658 1580 741 1637 unius
760 1581 842 1636 amici
865 1580 1055 1636 memorialem
1071 1579 1174 1635 librum
1191 1579 1245 1636 hoc
1269 1579 1353 1635 edidit

215 1673 397 1746 apophtegma
417 1688 423 1727 :
446 1691 462 1724 v
476 1672 536 1728 Non
553 1681 597 1728 est
621 1672 755 1742 sapientia
777 1687 872 1726 oerum
888 1673 973 1736 scire,
1001 1669 1050 1726 sed
1071 1679 1179 1726 rectum
1202 1668 1301 1724 lacere.
1320 1696 1353 1708 -

216 1761 366 1816 Prudentia
382 1776 447 1817 vero
464 1761 532 1816 recti
550 1777 605 1818 non
624 1770 668 1816 est
684 1763 815 1829 scientia,
830 1761 879 1818 sed
897 1761 976 1817 fides.
993 1759 1028 1815 At
1043 1776 1100 1815 noo
1116 1761 1180 1830 fides
1199 1760 1353 1822 octobrium·

215 1849 285 1906 alias
300 1860 374 1907 esset
392 1851 508 1907 scientia
588 1850 637 1907 sed
656 1850 725 1907 fides
744 1852 848 1919 cordis,
868 1867 932 1907 cum
952 1850 1059 1907 ratione
1078 1866 1132 1907 non
1152 1866 1293 1924 pugnans,
1308 1849 1354 1906 sed

216 1956 277 1995 eam
297 1940 443 2012 perficiens
461 1940 556 2015 (5).»

251 2031 341 2088 Simili
364 2032 469 2088 ratione
491 2031 671 2088 doctissimus
694 2030 850 2087 Leibuitius
872 2032 907 2086 ad
926 2032 1111 2098 Pelissonem‚
1130 2047 1163 2087 ex
1188 2038 1357 2102 protestante

217 2123 396 2191 catholicum,
413 2123 551 2189 scribens,
565 2123 594 2177 in
612 2137 673 2178 eam
692 2137 722 2177 se
738 2119 818 2176 facile
834 2121 933 2176 adduci
953 2121 1120 2177 sententiam
1138 2122 1177 2177 ait
1197 2130 1228 2177 ut
1248 2119 1356 2187 credat,

218 2212 364 2269 «Nullum
385 2213 533 2268 articulum
555 2212 707 2269 revelatum
732 2227 795 2267 esse
818 2211 982 2285 simpliciter
1005 2211 1214 2279 necessarium,
1236 2212 1358 2282 adeoque

217 2301 335 2357 salutem
351 2303 447 2358 haberi
463 2318 546 2375 posse
563 2304 592 2358 in
605 2319 777 2374 quacumque
796 2303 944 2378 religione,
958 2304 1039 2360 modo
1056 2305 1130 2359 lleus
1143 2318 1209 2360 vere
1226 2311 1255 2358 et
1275 2318 1357 2375 super

218 2392 310 2448 omnia
326 2392 456 2465 diligatur
468 2408 561 2449 amore
572 2393 601 2449 iu
614 2392 731 2449 infinitis
749 2393 811 2465 ejus
829 2393 1043 2464 perfectionibus
1056 2392 1211 2449 fundato...
1229 2390 1359 2448 Amorem

218 2482 292 2538 hune
313 2482 341 2537 id
362 2490 451 2538 totum
473 2499 535 2540 esse
557 2483 630 2554 quod
652 2483 747 2555 pietati
769 2483 888 2538 maxime
910 2492 953 2540 est
977 2481 1140 2548 essentiale,
1162 2482 1200 2537 ita
1219 2490 1265 2546 ut,
1285 2480 1358 2552 apud

217 2589 287 2644 quos
305 2572 456 2644 reperitur,
477 2572 518 2627 illi
537 2581 565 2628 et
582 2572 702 2645 Spiritus
721 2575 810 2629 saneti
829 2574 915 2647 gratia
935 2573 1039 2644 pertusi
1061 2572 1132 2638 siut,
1152 2581 1181 2628 et
1199 2571 1359 2627 arctissimo

218 2678 292 2717 nexu
310 2672 413 2719 aeterno
431 2663 521 2719 llerbo
541 2664 696 2736 divinaeque
716 2664 821 2721 Christi
843 2664 986 2736 sapientiae
1007 2663 1162 2735 conjuncti,
1185 2662 1297 2718 etiamsi
1311 2677 1359 2718 ue-

217 2752 329 2825 quidem
346 2753 489 2810 Christum
508 2758 576 2811 satis
595 2764 791 2829 cognoscerent
810 2755 963 2811 seeundum
982 2769 1093 2810 carnem
1113 2769 1120 2809 :
1141 2753 1297 2820 imovero,
1316 2751 1360 2809 vel

218 2845 242 2899 si
256 2860 397 2915 uunquam
411 2845 496 2915 hujus
509 2845 630 2901 nominis
644 2845 761 2920 syllabas
775 2845 931 2902 audiverint
943 2886 950 2900 .
962 2886 968 2899 .
980 2886 987 2900 .
998 2844 1068 2900 tanti
1081 2860 1144 2900 esse
1158 2845 1256 2899 bouum
1265 2845 1360 2912 fidem

219 2943 250 2990 at
271 2937 365 2990 nullus
386 2937 521 2991 articulus
543 2938 670 3008 capitalis
697 2954 744 2992 scu
765 2937 978 3004 fundamentalis
995 2936 1032 2991 sit
1050 2942 1151 3007 prater
1168 2936 1217 2992 Dei
1240 2950 1361 2991 numnam

218 3027 380 3096 filialemquc
397 3027 578 3082 obedientiam
600 3025 680 3100 (6).»

256 3115 298 3170 En
317 3131 371 3185 quo
384 3116 494 3172 tandem
512 3117 595 3173 ducat
610 3118 763 3174 tolerantiae
779 3115 939 3190 dogmaticae
961 3124 1095 3188 systema,
1116 3123 1147 3171 ut
1165 3114 1297 3187 quaelibet
1317 3130 1361 3171 re-

220 3203 336 3279 ligiones
360 3213 388 3260 et
413 3214 495 3261 sectae
520 3206 710 3263 indifferentes
736 3208 945 3271 existimentur,
973 3223 1024 3262 nee
1053 3206 1173 3277 amplius
1199 3205 1234 3261 de
1265 3221 1360 3262 earum

219 3384 259 3440 tio
271 3399 358 3455 eaque
370 3400 452 3457 quam
465 3385 625 3443 hominibus
638 3388 732 3443 attulit
745 3387 837 3444 diviua
850 3385 982 3442 revelatio
996 3400 1045 3457 pro
1058 3385 1146 3440 nihilo
1159 3384 1324 3441 habeantur.

217 3530 290 3597 signa
307 3539 382 3598 atque
397 3539 547 3600 argumenta
562 3531 639 3600 plane
655 3531 762 3583 ridenda
781 3541 806 3584 et
822 3530 988 3582 fanatismum
1009 3528 1162 3590 redolentia,
1180 3529 1275 3597 quibus
1291 3527 1362 3597 judi-

217 3613 327 3664 candum
347 3614 430 3665 aiebat
445 3614 535 3666 Jurieu
550 3614 617 3665 inter
635 3615 755 3665 articulos
770 3613 972 3665 fundamentales
992 3619 1017 3663 et
1032 3629 1083 3663 non
1100 3609 1315 3663 fundamentales.

252 3695 293 3759 (1)
305 3695 368 3746 Eam
383 3695 478 3747 scilicet
489 3695 629 3747 tuebantur
642 3695 762 3746 universe
773 3693 932 3756 Arminium,
951 3693 1095 3753 Sociniani‚
1115 3692 1278 3756 Brownistae,
1291 3693 1361 3744 hien-

220 3776 340 3838 nonistae,
355 3778 504 3830 Poiretistae.

253 3861 262 3916 l
268 3859 297 3922 2)
310 3859 347 3909 ct.
359 3862 461 3926 Praesat.
474 3876 552 3928 quam
564 3860 673 3928 praefixit
683 3859 753 3928 operi
766 3875 824 3909 mox
835 3857 962 3910 laudando
974 3857 1083 3910 Conradi
1094 3857 1188 3924 Bergii.

253 3940 296 4005 (5)
309 3942 391 3992 Thesea
409 3945 587 3995 credendorum
610 3950 684 4008 atquc
706 3944 858 4008 agendorum
879 3941 1088 4006 fundamentales.
1109 3937 1188 3988 ttatte
1203 3940 1262 3990 Sax.
1283 3942 1359 4000 1101,

221 4022 287 4073 thes·
299 4025 324 4072 5.

254 4101 296 4169 (1)
310 4104 423 4153 Thomala
435 4105 575 4168 theologica.

254 4185 299 4251 (5)
312 4183 369 4234 Hal.
380 4185 438 4234 Sex.
453 4185 526 4236 1101.

255 4265 300 4332 (6)
312 4265 358 4333 hp.
371 4264 523 4318 Pelissonem
535 4266 648 4334 inopere
661 4283 667 4317 :
680 4271 713 4317 Dc
725 4267 752 4316 Io
763 4265 885 4318 tolo'raare
897 4268 1077 4333 astrologicae,
1092 4284 1116 4335 p.
1131 4270 1170 4317 ta.
