3166 5168
667 384 896 435 rrnruntmrius.
1312 379 1355 437 tc

215 537 376 611 angelusde
394 539 470 595 caelis
489 539 570 595 aliter
589 537 803 610 evangelizaret,
823 537 968 592 anathema
986 536 1125 593 diceretur
1138 553 1152 592 a
1167 538 1247 594 nobis
1264 536 1354 612 ill.»

217 627 268 682 llis
293 627 386 682 uerbis
409 627 538 698 praeclare
559 625 685 682 enuntiat
708 625 896 681 Tertullianus
921 625 1083 682 methodum
1112 627 1299 684 institutionis
1327 638 1355 685 et

215 715 400 771 auctoritatis.
422 717 543 773 Ulterius
560 715 736 788 prosequitur
754 714 915 770 adducendo
935 716 1070 771 rationem
1088 733 1138 773 cur
1157 717 1301 788 inquisitio
1322 735 1353 775 ea

216 821 301 876 quam
320 807 464 862 venditant
481 805 603 862 haeretiei
623 805 774 861 christiano
792 805 919 861 instituto
936 807 1061 877 opposita
1081 808 1139 863 sit:
1155 827 1170 861 u
1191 808 1292 876 Nobis,
1312 810 1354 864 in-

216 896 296 968 quit,
315 896 475 953 curiositate
493 912 562 968 opus
584 911 640 951 non
663 903 706 951 est
728 903 791 967 post
810 894 951 952 Christum
972 896 1083 964 lesum,
1103 913 1154 952 uec
1173 897 1356 969 inquisitione

216 996 281 1060 post
303 988 473 1062 evangelium
494 986 554 1061 (T).
575 986 643 1044 Cum
664 985 819 1051 credimus,
839 985 910 1040 nibil
928 986 1118 1042 desideramus
1136 988 1208 1042 ultra
1230 988 1352 1044 credere.

216 1079 276 1135 lloc
288 1080 363 1134 euim
383 1079 460 1150 prius
472 1079 626 1143 credimus,
640 1093 694 1132 non
708 1091 770 1131 esse
789 1075 861 1146 quod
879 1076 951 1131 ultra
970 1076 1083 1132 credere
1096 1077 1246 1133 debeamus
1260 1074 1320 1151 (ὅ).
1338 1099 1352 1130 n

219 1186 222 1191 ·
252 1167 289 1224 ht
301 1169 364 1235 illa,
385 1167 615 1241 quemadmodum
629 1176 656 1222 et
670 1167 720 1221 bac
733 1174 826 1221 nostra
848 1172 941 1229 aetate,
963 1163 1023 1219 ialsi
1038 1164 1167 1236 principii
1190 1165 1353 1236 praesidium

215 1275 251 1315 ex
269 1275 324 1315 uuo
342 1260 462 1316 alterove
474 1259 622 1330 Scripturae
640 1264 716 1312 textu
735 1269 879 1326 perperam
902 1254 1041 1310 intellecto
1063 1263 1157 1325 petere
1181 1256 1352 1311 conabantur

217 1349 356 1416 haeretici,
375 1359 457 1420 atque
473 1348 609 1404 affirmare
622 1363 676 1402 non
698 1344 859 1402 dubitabant
882 1344 1090 1415 inquisitionem
1110 1343 1195 1400 luisse
1210 1360 1227 1400 a
1244 1344 1354 1404 Christo

216 1437 334 1493 Domino
347 1438 673 1507 commendatam‚quum
685 1434 756 1490 dixit
769 1449 776 1489 :
790 1436 901 1503 querite
914 1441 937 1488 et
949 1435 1103 1489 invenietis.
1117 1434 1158 1490 ad
1172 1434 1243 1490 hanc
1254 1435 1352 1508 igitur,

216 1542 301 1598 quam
320 1527 477 1594 movebant,
494 1526 684 1583 difficultatem
702 1525 860 1599 aggreditur
876 1524 1077 1588 Tertullianus,
1099 1534 1127 1580 et
1145 1524 1184 1579 ait
1204 1541 1211 1580 ε
1233 1544 1247 1577 u
1267 1526 1354 1582 Venio

218 1619 312 1688 itaque
333 1618 367 1672 ad
389 1617 469 1673 illum
492 1617 654 1682 articulum,
681 1631 763 1687 quem
785 1622 813 1671 et
832 1616 919 1670 nostri
942 1614 1117 1686 praetendunt
1139 1615 1173 1669 ad
1201 1615 1351 1671 ineundam

218 1707 421 1774 curiositatem,
449 1717 477 1763 et
502 1706 624 1763 haeretici
645 1704 843 1760 inculcaut'ad
867 1705 1068 1776 importandam
1095 1705 1348 1777 scrupulositatem.

217 1794 357 1866 Scriptum
376 1805 433 1862 est,
452 1796 594 1866 inquiunt,
613 1796 725 1864 querite
740 1799 764 1849 et
782 1797 935 1851 invenietis.
953 1795 1067 1862 Quando
1090 1796 1162 1851 hanc
1184 1811 1281 1853 vocem
1301 1797 1354 1851 Do-

217 1885 312 1941 minus
334 1886 441 1952 emisit‚
461 1884 646 1941 recordemur.
661 1885 731 1940 Puto
748 1884 778 1939 iu
795 1885 925 1956 primitiis
944 1885 1013 1957 ipsis
1039 1885 1171 1940 doctrinae
1193 1901 1264 1950 suae,
1291 1901 1354 1941 cum

216 1973 308 2030 adhuc
329 1975 502 2031 dubitaretur
514 1974 586 2046 apud
605 1990 716 2040 omues,
730 1989 764 2029 an
787 1974 915 2032 Christus
939 1985 1029 2042 esset,
1051 1986 1078 2032 et
1100 1992 1162 2031 cum
1186 1977 1277 2033 adhue
1302 1993 1353 2032 nec

216 2063 317 2120 Petrus
333 2065 412 2120 illum
430 2064 477 2121 liei
495 2065 596 2121 Filium
613 2065 833 2136 pronuntiasset.
844 2106 851 2120 .
862 2107 888 2121 ..
907 2066 1003 2122 llerito
1016 2081 1081 2139 ergo
1096 2077 1161 2122 tuuc
1174 2067 1281 2122 dietum
1295 2076 1353 2132 est,

217 2156 331 2226 querite
348 2162 371 2210 et
384 2157 540 2222 inuenietis,
553 2156 661 2227 quando
677 2155 842 2227 quaerendus
861 2155 951 2211 adhuc
972 2164 1041 2219 crat,
1063 2155 1110 2226 qui
1132 2155 1222 2211 adhuc
1243 2155 1353 2228 agnitus

217 2261 272 2301 non
286 2256 345 2302 erat
364 2243 418 2321 (l).
434 2267 448 2300 a
463 2248 497 2302 Et
509 2262 591 2318 porro
605 2247 694 2321 pergit
707 2246 886 2302 monstrando
900 2247 983 2302 rerba
999 2246 1058 2302 haee
1071 2246 1105 2300 ad
1119 2246 1228 2303 ludaeos
1241 2245 1354 2302 suissea

217 2335 359 2393 Salvatore
372 2337 491 2403 directa,
504 2346 650 2407 antequam
666 2336 694 2391 in
712 2336 804 2407 ipsum
817 2336 970 2391 crederent.

254 2425 332 2494 Quod
354 2427 378 2482 si
401 2436 509 2492 tamen,
532 2428 575 2483 vel
598 2427 684 2483 invita
705 2435 832 2484 contexta
854 2426 991 2490 oratione,
1012 2425 1103 2482 dicere
1123 2425 1245 2482 volueris
1266 2441 1298 2482 ea
1319 2427 1353 2482 ad

217 2531 313 2573 omues
332 2527 469 2588 spectare,
490 2518 518 2572 id
538 2519 650 2591 quidem
669 2518 837 2590 perlibenter
857 2519 987 2592 largietur
1007 2525 1116 2583 auctor,
1133 2517 1157 2572 si
1175 2515 1256 2572 modo
1273 2531 1355 2570 voees

217 2608 280 2662 illas
293 2625 348 2664 non
361 2610 420 2663 siae
432 2610 579 2678 discipline
591 2611 708 2665 rationis
724 2610 757 2665 ad
776 2609 933 2665 universam
947 2609 1049 2664 Christi
1066 2607 1229 2679 religionem
1246 2620 1354 2662 accom-

219 2698 387 2762 modaverim
407 2697 431 2752 si
444 2713 544 2767 nempe
556 2699 590 2752 de
602 2699 750 2769 quaerendo
764 2697 867 2754 Christi
882 2699 1010 2754 instituto
1024 2706 1130 2752 tantum
1143 2711 1190 2751 eas
1207 2696 1354 2750 intellexe-

219 2788 274 2853 ris,
291 2788 328 2843 ita
347 2795 390 2852 ut,
409 2786 539 2856 quoniam
558 2787 680 2841 nondum
699 2786 810 2854 credas,
829 2803 935 2859 quaeras
955 2788 1044 2842 solum
1063 2786 1151 2842 donec
1168 2784 1308 2841 inveneris
1327 2784 1355 2839 id

219 2876 292 2947 quod
309 2876 434 2931 Salvator
447 2876 590 2931 instituit:
607 2895 621 2927 u
632 2875 705 2931 Cedo
722 2892 807 2942 nunc,
822 2877 924 2948 inquit,
937 2886 1036 2948 sponte
1053 2877 1087 2932 de
1103 2875 1187 2948 gradu
1207 2876 1270 2931 isto.
1290 2874 1355 2931 Om-

219 2966 303 3022 nibus
313 2966 417 3021 dictum
432 2965 469 3021 sit
479 2982 485 3020 :
496 2967 608 3035 querite
619 2972 644 3020 et
656 2967 812 3030 inveniebo,-
827 2977 918 3022 tamen
931 2977 959 3023 et
972 2967 1017 3022 hic
1030 2967 1139 3039 expedit
1152 2982 1235 3023 seusu
1249 2977 1355 3024 certare

218 3072 282 3112 cum
300 3056 535 3128 interpretationis
551 3057 779 3129 gubernaculo...
800 3057 853 3114 Sed
872 3058 899 3112 iu
919 3058 1017 3130 primis
1036 3059 1088 3114 boc
1102 3074 1224 3130 propono
1243 3075 1250 3114 :
1269 3075 1354 3114 unum

221 3149 317 3220 ntique
330 3156 358 3204 et·
371 3158 477 3204 certum
491 3149 596 3219 aliquid
612 3148 771 3204 institutum
788 3163 850 3205 esse
863 3165 878 3204 a
889 3148 1012 3214 Christo,
1025 3149 1096 3221 quod
1115 3150 1227 3206 credere
1244 3151 1356 3206 omnino

221 3238 340 3294 debeant
352 3239 491 3305 nationes,
502 3248 529 3294 et
542 3239 644 3295 idcireo
656 3255 790 3311 quaerere,
803 3249 833 3296 ut
847 3240 965 3312 possint,
977 3257 1040 3296 cum
1052 3241 1222 3308 invenerint,
1233 3242 1354 3296 credero.

222 3328 310 3385 Unius
322 3344 403 3400 porro
417 3339 445 3386 et
457 3329 525 3386 certi
541 3329 662 3386 instituti
677 3329 784 3385 inlinita
800 3331 943 3402 inquisitio
961 3348 1015 3388 non
1034 3340 1124 3404 potest
1139 3346 1216 3397 esse3
1230 3347 1356 3403 quaeren·
1434 3370 1436 3372 -

255 3541 299 3603 (1)
317 3544 349 3590 lle
361 3545 547 3606 praescriptione
562 3544 746 3604 hoereticorum,
759 3540 798 3593 ed.
816 3541 907 3610 Rigalt.
925 3558 947 3592 c.
968 3545 992 3593 6.
1004 3571 1037 3580 -
1047 3545 1171 3593 Adversus
1186 3545 1266 3592 llere.
1279 3540 1325 3592 lib.
1339 3543 1358 3592 l.

221 3638 244 3673 c.
257 3628 270 3673 l
281 3661 289 3682 ,
301 3623 474 3674 Tertullianus
486 3622 517 3675 de
528 3641 571 3684 eo,
582 3624 649 3692 quotl
662 3624 704 3675 hic
719 3633 816 3682 versat,
830 3624 1028 3692 prescriptionis
1038 3632 1186 3691 argumento
1198 3623 1252 3673 haec
1264 3622 1357 3675 habet:

223 3723 238 3754 u
253 3707 281 3756 ln
297 3713 399 3757 tantum
415 3705 517 3757 haeresis
529 3705 709 3773 deputabitur,
728 3705 796 3773 quotl
812 3714 897 3774 postea
915 3704 1059 3766 inducitur;
1079 3705 1106 3756 in
1122 3713 1248 3773 quantum
1266 3705 1361 3755 veritas

223 3787 373 3845 habebitur,
388 3787 455 3853 quod
466 3796 534 3839 retro
549 3796 597 3839 eta
615 3788 754 3856 primordio
773 3787 895 3840 traditum
907 3797 953 3840 est.
966 3788 1014 3839 Sed
1025 3787 1091 3839 alius
1099 3786 1202 3837 libellus
1218 3785 1287 3837 hunc
1304 3802 1359 3852 gra·

155 3893 158 3900 ·
223 3869 286 3920 dum
301 3869 438 3921 sustinebit
455 3869 575 3922 adversus
594 3869 738 3930 haereticos,
755 3871 832 3922 etiam
852 3871 907 3921 sine
925 3879 1061 3922 retractatu
1080 3869 1253 3920 doctrinarum
1274 3869 1361 3918 revin-

225 3952 335 4012 cendos,
352 3951 420 4019 quod
435 3951 482 4003 hoc
493 3952 545 4003 sint
560 3952 591 4003 de
611 3951 801 4021 praescriptione
818 3952 946 4004 novitatis.
960 3968 975 4001 n
987 3952 1024 4004 Ci.
1045 3951 1091 4002 lib.
1111 3952 1156 4012 lV,
1174 3967 1195 4002 c.
1215 3955 1244 4012 5,
1262 3949 1307 4000 lih.
1325 3949 1359 4008 V,
1458 3976 1461 3982 ·

226 4038 301 4085 cli.

259 4115 301 4181 (Ω)
316 4118 478 4181 Euangelium
489 4114 556 4185 apud
569 4118 685 4186 antiquos
697 4119 781 4171 Patres
796 4115 887 4183 saepius
899 4123 999 4168 tantum
1013 4115 1081 4168 valet
1095 4132 1122 4167 ac
1133 4118 1250 4167 revelatio
1260 4117 1363 4166 Citriatt.

261 4197 308 4262 (3)
322 4198 384 4248 lbet.
397 4214 419 4248 c.
433 4202 457 4248 8.

262 4279 307 4344 (i)
320 4281 381 4328 roto.
394 4295 415 4330 c.
429 4283 452 4330 a.
