3150 5160
485 110 602 153 accurs.
625 109 746 153 urruns
767 110 805 154 nc
826 109 919 155 noras
940 111 1113 155 numerium.
1298 102 1356 160 lizi

252 259 300 316 Vis
314 258 398 332 igitur
416 255 614 312 invisibilisne
632 254 741 320 diviua,
760 271 810 312 seu
824 255 912 327 ipsius
932 255 1036 314 Christi
1059 257 1195 330 Spiritus,
1214 268 1357 318 externam

209 351 288 406 hane
310 364 372 421 quae
392 346 520 404 sensibus
534 355 609 417 patet
628 346 847 402 christianorum
860 346 1021 402 societatem
1041 348 1118 404 intus
1139 348 1283 418 informat,
1298 366 1358 407 mo-

207 450 261 498 vet
276 457 310 496 ac
327 429 437 513 dirigit;
455 447 538 508 atque
555 437 576 492 ii
595 437 643 507 qui
666 436 695 492 in
714 452 745 493 ea
768 437 933 493 auctoritate
954 446 1101 508 praestant,
1122 453 1295 510 quorumque
1315 448 1358 496 est

208 533 332 604 populos
352 529 499 585 instituere
517 542 549 583 ac
568 543 677 600 regere,
698 544 753 583 non
774 537 805 584 ut
820 529 889 584 meri
910 528 1037 585 homines
1055 529 1149 583 munia
1162 528 1277 593 obeunt,
1291 528 1356 595 sed,

208 630 311 694 utpote
331 619 451 675 ministri
469 618 573 674 Christi
591 626 619 674 et
636 618 841 688 dispensatores
856 618 1050 691 mysteriorum
1070 618 1133 684 Dei,
1147 617 1239 674 diviua
1253 619 1357 675 virtute

208 711 258 767 his
278 709 431 783 iunguntur
448 707 560 774 officiis,
582 723 634 763 nee
653 709 729 764 aliud
748 718 813 764 sunt
830 725 912 780 quam
927 709 1015 780 ipsius
1027 709 1109 765 llerhi
1123 717 1235 765 externa
1250 709 1355 765 instru-

209 812 321 868 menta3
334 809 417 872 atque
436 800 489 856 hoc
505 799 586 855 modo
599 799 736 867 Ecclesia,
750 801 803 856 etsi
822 799 982 856 hominihus
1004 807 1124 864 constat,
1144 800 1306 871 neutiquam
1325 810 1356 856 ut

209 892 376 949 institutum
391 892 542 945 humanum
559 898 685 960 apparet,
700 889 749 945 sed
768 905 833 945 vere
852 889 977 946 divinum
992 887 1051 963 (l).
1066 889 1123 946 llac
1139 890 1252 946 demum
1270 891 1355 947 ratio-

209 998 263 1046 ne,
283 979 416 1053 quonlam
435 988 547 1035 externa
566 980 648 1036 simul
669 989 696 1036 et
713 979 835 1046 interna,
854 980 974 1036 visibilis
995 988 1023 1036 et
1045 979 1211 1046 invisibilis,
1233 981 1354 1037 humana

210 1082 240 1129 et
252 1072 347 1128 diuina
360 1080 403 1127 est
414 1112 421 1137 ,
432 1071 553 1126 Ecclesia
567 1087 650 1142 quam
669 1070 811 1126 simillime
830 1069 915 1126 refert
931 1070 1035 1128 Christi
1054 1071 1175 1127 auctoris
1192 1073 1352 1146 imaginem,

211 1172 240 1220 et
257 1162 381 1234 perbelle
399 1161 549 1232 respondet
566 1161 656 1234 ipsius
674 1159 853 1217 revelationis
869 1175 952 1232 scopo
971 1176 1049 1233 aeque
1063 1177 1096 1218 ac
1112 1162 1235 1219 hominis
1249 1172 1356 1220 nature

212 1253 331 1326 legibus.

247 1342 305 1416 Age
321 1357 386 1397 vero
408 1340 530 1411 reliquas
552 1339 682 1396 Ecclesiae
702 1348 782 1395 notas
802 1338 943 1396 illustrare
962 1340 1134 1398 studeamus.
1156 1344 1241 1401 Porro
1261 1343 1356 1401 Eccle-

212 1434 281 1490 siam
305 1433 378 1488 hanc
400 1430 522 1487 divinam
542 1431 626 1486 simul
649 1440 677 1486 et
695 1430 859 1494 humanam,
880 1447 967 1486 acam
986 1440 1013 1487 et
1032 1434 1191 1489 catholicam
1209 1449 1283 1498 esse,
1304 1449 1356 1490 nec

212 1539 334 1595 unquam
353 1521 491 1578 delectum
511 1536 671 1593 passuram,
684 1520 815 1577 facillimo
828 1522 938 1594 negotio
952 1521 1126 1579 ostenditur:
1142 1524 1208 1595 quin
1224 1524 1307 1579 etiarn
1321 1539 1355 1579 ex

211 1613 347 1669 hactenus
361 1611 521 1668 constitutis
534 1626 631 1667 omnes
644 1610 788 1677 Ecclesiae,
802 1627 871 1683 quas
884 1611 1012 1667 catholici
1026 1621 1156 1682 tuentur,
1169 1623 1243 1670 notae
1256 1622 1356 1685 sponte

212 1702 314 1768 lluunt,
330 1717 381 1757 nec
402 1701 457 1757 ulla
470 1701 590 1772 amplius
604 1717 684 1774 egere
703 1701 834 1758 videntur
851 1701 984 1758 oratione.

248 1792 387 1860 Quoniam
404 1800 497 1848 tamen
516 1793 609 1848 omnia
628 1793 828 1849 christianismi
846 1792 936 1863 capita
957 1792 1080 1850 tenebris
1101 1795 1247 1851 obvolvere
1265 1795 1355 1851 moliti

212 1890 277 1939 sunt
295 1890 497 1954 protestantes,
517 1899 572 1939 non
595 1884 645 1939 ahs
668 1899 698 1938 re
717 1883 770 1939 erit
790 1884 885 1955 paucis
904 1882 1002 1939 saltem
1020 1884 1156 1957 attingere
1172 1894 1252 1942 notas
1274 1885 1355 1942 modo

212 1974 381 2041 recensitas;
401 1972 474 2044 quod
497 1983 627 2030 caeterum
645 1973 776 2031 Ecclesiae
797 1974 883 2030 indoli
900 1976 988 2050 magis
1008 1991 1041 2032 ac
1062 1976 1148 2048 magis
1170 1975 1355 2031 dilucidandae

212 2083 267 2124 non
281 2081 379 2137 parum
394 2063 537 2120 inserviet.

247 2155 372 2212 Ecclesia
390 2171 444 2211 una
468 2164 511 2211 est
534 2170 586 2211 nec
607 2155 663 2212 nisi
686 2172 739 2211 una
761 2171 824 2212 esse
847 2165 957 2229 potest,
981 2167 1009 2214 et
1032 2156 1159 2228 quisquis
1182 2164 1259 2213 extra
1284 2157 1355 2212 hanc

211 2263 296 2302 unam
323 2246 476 2302 Ecclesiam
497 2255 641 2313 versatur,
664 2248 688 2303 is
711 2262 725 2302 a
746 2246 857 2304 Christo
880 2247 976 2303 itidem
1000 2247 1110 2302 aberrat
1133 2261 1184 2301 nec
1207 2245 1264 2302 ullo
1291 2244 1354 2315 jure

211 2337 382 2394 christianus
400 2338 565 2408 appellatur.
587 2337 640 2405 Qui
663 2337 691 2393 id
714 2337 832 2393 inliciari
850 2339 931 2404 uelit,
949 2337 1185 2394 christianismum
1204 2349 1314 2406 quoque
1326 2341 1355 2390 et

210 2427 356 2484 Christum
377 2425 494 2495 repellat
514 2440 630 2480 necesse
652 2436 704 2482 est.
728 2427 801 2495 Quid
822 2425 914 2484 euim?
936 2428 1069 2482 Pluresne
1089 2425 1118 2479 in
1140 2423 1224 2479 terris
1242 2422 1355 2479 adfuere

210 2513 332 2574 Christi?
351 2515 448 2570 Plures
469 2515 614 2570 hominum
639 2516 805 2572 mediatores
826 2532 858 2573 ac
882 2513 1055 2574 salvatores?
1078 2514 1176 2569 Plures
1195 2513 1355 2569 christianae

211 2603 417 2663 revelationes?
439 2603 513 2660 Unus
533 2605 655 2677 profecto
672 2607 821 2674 Dominus,
843 2623 900 2662 aaa
914 2609 994 2676 fides,
1013 2622 1101 2661 unum
1115 2605 1265 2676 baptisma,
1285 2619 1354 2676 que-

211 2696 389 2754 madmodum
407 2713 478 2751 aaut
499 2697 568 2751 heus
587 2703 611 2752 et
626 2704 705 2768 pater
725 2701 848 2754 omnium
869 2695 927 2771 (hl.
948 2697 983 2754 ht
1001 2695 1026 2752 si
1047 2695 1176 2752 Christus
1198 2711 1272 2751 unus
1294 2701 1353 2761 est,

211 2788 311 2860 ecquid
332 2787 424 2859 ipsum
443 2787 569 2843 scindere
587 2803 643 2844 non
660 2788 789 2845 duhitas‘l
808 2789 920 2844 Diutius
939 2795 977 2843 eat
996 2786 1122 2844 Christos
1145 2784 1354 2860 (dllEcclesia

211 2894 333 2950 namque
354 2877 458 2934 Christi
479 2878 554 2934 vices
576 2881 701 2950 supplet,
723 2881 841 2952 ejusque
860 2894 990 2952 germana
1003 2887 1047 2935 est
1059 2877 1165 2951 imago;
1184 2876 1254 2932 nihil
1269 2876 1354 2949 igitur

213 2969 336 3026 medium
350 2968 483 3035 hahetur,
498 2968 553 3024 nisi
569 2984 623 3024 una
635 2977 743 3025 tantum
758 2972 797 3027 sit
809 2969 944 3037 Ecclesia,
960 2985 1050 3040 neque
1063 2985 1136 3025 unus
1149 2967 1203 3025 crit
1216 2965 1353 3023 Christus.

244 3123 293 3189 (l)
312 3125 369 3174 llaec
388 3124 483 3192 optime
506 3123 597 3192 pandit
616 3123 721 3175 llloehler
742 3139 748 3173 :
771 3139 785 3172 u
806 3115 929 3190 L'Eglise,
952 3122 1053 3190 inquit,
1067 3139 1133 3189 pour
1149 3123 1203 3172 titre
1224 3117 1356 3186 compesce

210 3204 361 3265 d'hommcs,
375 3206 439 3257 n’est
448 3223 492 3274 pas
503 3223 555 3258 une
564 3206 710 3259 institution
720 3212 856 3273 puremcnt
865 3203 995 3255 humaine.
1007 3205 1124 3264 Comme,
1134 3218 1166 3252 en
1174 3200 1246 3252 lesus
1255 3197 1353 3259 Christ,

210 3285 236 3338 la
247 3285 355 3338 divinite
371 3295 397 3338 et
416 3287 583 3350 l'humanite,
600 3288 660 3340 bion
679 3304 728 3356 que
744 3287 875 3338 distinctes
891 3293 964 3336 entre
981 3285 1056 3346 elles,
1073 3283 1132 3335 n'en
1148 3291 1206 3334 sont
1216 3299 1262 3349 pas
1273 3280 1356 3332 moins

209 3369 371 3420 itroitement
382 3369 470 3429 unies;
483 3368 513 3421 de
524 3371 623 3432 menne,
636 3371 699 3421 dans
711 3388 756 3421 son
770 3362 869 3436 Eglise,
882 3371 903 3419 lc
919 3371 1034 3420 stercor
1052 3376 1088 3419 est
1100 3365 1215 3418 continui
1226 3367 1293 3416 aelon
1303 3371 1355 3416 toret

210 3469 235 3502 ce
244 3453 304 3517 pu'il
318 3459 352 3501 cat
365 3469 372 3499 :
384 3442 499 3518 l'Eglisc,
512 3468 539 3501 sa
559 3452 747 3504 manifestation
763 3460 942 3520 permanente,
955 3459 992 3502 est
1005 3451 1092 3502 divine
1103 3459 1129 3502 et
1140 3447 1261 3500 humaine
1272 3448 1355 3502 touta

209 3532 235 3584 la
247 3533 294 3584 tois
306 3548 313 3594 ;
326 3533 375 3584 elle
386 3542 424 3585 cst
434 3533 525 3585 l’unite
539 3531 570 3584 de
587 3550 627 3584 ces
638 3531 704 3585 deux
722 3533 851 3585 attributa.
864 3534 930 3586 C’cst
939 3533 964 3584 le
975 3532 1118 3584 Midiateur
1129 3531 1188 3598 qui,
1206 3529 1281 3581 cache
1295 3547 1354 3582 sous
1374 3591 1377 3600 Α

209 3614 253 3666 des
269 3615 361 3665 formes
381 3614 530 3677 humnines‚
551 3615 672 3667 continue
691 3613 772 3681 d‘agir
789 3631 821 3666 en
837 3615 901 3676 elle;
915 3614 980 3666 done
996 3615 1045 3666 elle
1062 3613 1299 3665 andeessairement
1316 3630 1353 3664 un

209 3695 264 3747 cote
275 3693 347 3746 divin
363 3704 388 3748 et
404 3713 441 3748 un
453 3696 507 3748 cote
522 3695 638 3748 humain.
659 3697 736 3747 Unies
753 3713 801 3764 par
820 3696 863 3748 des
881 3697 946 3748 liens
962 3697 1078 3756 intimes,
1095 3711 1135 3746 ees
1152 3694 1219 3748 deux
1235 3702 1353 3754 naturas,

210 3775 231 3826 si
243 3784 334 3828 carnot
354 3786 417 3844 peut
433 3794 497 3829 nous
516 3779 570 3829 etre
588 3778 697 3847 permis,
715 3795 741 3829 se
761 3779 898 3846 pc'netrent
917 3779 987 3831 l'nne
1005 3779 1110 3837 l'autre,
1131 3785 1157 3829 et
1173 3795 1199 3831 se
1212 3774 1353 3832 communi·

210 3866 290 3923 quent
308 3859 518 3926 respectivement
535 3859 604 3912 leurs
619 3860 827 3930 prerogativae.»
843 3863 952 3928 symbol.
964 3869 1017 3914 tom
1028 3861 1065 3923 tl,
1077 3877 1103 3928 p.
1117 3863 1141 3911 5.

242 3939 288 4005 (a)
305 3944 392 4004 aptes.
408 3943 454 4004 tv,
467 3947 497 4005 a,
511 3946 534 3993 o.

244 4022 288 4088 (ὅ)
307 4022 421 4088 leont,
438 4029 478 4076 15.
