3150 5160
211 342 250 400 76
312 357 350 399 nu
372 356 410 400 us
431 354 575 398 aurursus
596 354 647 409 our
669 352 740 398 rosr
762 352 851 408 usust
873 352 1075 399 nrosrourcuu
1096 354 1263 399 rnonuunu.

210 502 256 559 ubi
275 501 347 558 nihil
369 502 467 557 horum
489 499 623 570 estquod
646 514 690 554 me
713 493 810 554 inritet
828 513 860 553 ac
879 506 971 556 teneat
990 497 998 572 (
1009 498 1083 556 idern
1104 501 1138 558 ad
1162 509 1346 572 protestantes

210 594 302 649 dicere
318 608 373 648 non
391 587 581 660 dubitamus),
600 589 657 645 sola
675 597 804 660 personat
821 588 946 644 veritatis
962 588 1138 660 pollicitatio,
1156 606 1218 660 quse
1235 577 1346 662 quidem

210 683 234 738 si
253 692 308 737 tam
329 681 472 737 manifesta
492 689 676 746 monstratur,
697 688 727 734 ut
746 679 774 734 in
793 679 909 734 dubium
927 679 1023 736 venire
1043 695 1097 735 nou
1117 680 1219 750 possit,
1240 697 1347 752 praepo-

210 772 299 828 nenda
320 781 363 828 est
384 770 512 826 omnibus
535 770 591 825 illis
613 770 713 835 rebus,
735 769 837 841 quibus
860 770 888 824 in
913 769 1046 825 catholica
1072 778 1177 827 teneor.
1201 769 1229 826 Si
1253 779 1348 826 alitem

211 862 400 922 antummodo
421 862 592 933 promittitur
613 870 640 917 et
668 877 722 918 non
745 860 908 925 exhibetur,
936 875 1017 916 nemo
1043 875 1087 916 me
1115 861 1237 916 movebit
1258 861 1294 918 ab
1316 876 1347 918 ea

210 951 263 1007 lide
283 966 344 1023 quae
362 952 484 1006 animum
504 967 596 1006 meum
616 959 655 1006 tot
673 961 701 1007 et
723 951 808 1006 tantis
827 950 943 1006 nexibus
966 949 1125 1006 christianae
1147 951 1275 1024 religioni
1298 952 1348 1007 ad-

211 1042 321 1115 stringit
345 1041 438 1115 (1).»
463 1041 587 1098 Proiecto
610 1057 644 1098 ex
667 1042 719 1097 hac
742 1051 797 1096 tota
820 1040 967 1113 pericopa,
991 1041 1037 1096 ubi
1061 1040 1162 1095 mirum
1180 1041 1209 1096 in
1232 1043 1346 1098 modum

211 1143 289 1188 notas
302 1133 433 1188 Ecclesiae
449 1142 576 1188 externas
594 1141 790 1189 commemorat
808 1131 996 1201 illustratque,
1015 1130 1095 1200 plane
1114 1130 1270 1194 conficitur,
1290 1130 1347 1186 hu-

210 1223 322 1298 gdstino
343 1222 455 1292 judice,
481 1238 653 1294 nequaquam
678 1236 712 1278 ex
736 1221 888 1293 Scripturis
913 1221 1048 1291 cujusque
1070 1220 1174 1290 judicio
1201 1221 1347 1293 permissis

210 1312 353 1368 veritatem
367 1328 429 1368 esse
448 1311 605 1384 petendam,
619 1312 667 1368 sed
681 1310 832 1368 Ecclesiam
844 1312 879 1366 ab
892 1310 952 1382 ipso
970 1310 1064 1366 haberi
1078 1320 1217 1382 tamquam
1232 1311 1347 1367 institu-

211 1412 271 1458 tum
287 1401 424 1473 quoddam
436 1401 561 1458 divinum
573 1419 588 1457 a
602 1417 655 1473 quo
668 1417 762 1458 reram
781 1401 889 1459 Domini
904 1401 1058 1457 doctrinam
1071 1401 1162 1472 quivis
1178 1401 1347 1458 christianus

210 1493 335 1564 accipere
356 1492 453 1549 debeat
476 1509 483 1549 ι
506 1493 540 1549 ab
562 1492 614 1548 hac
634 1493 709 1548 enim
735 1491 872 1547 sententia
895 1489 1052 1562 proiectus,
1075 1491 1196 1548 rationes
1218 1508 1348 1549 enarrare

211 1584 305 1640 studet
326 1583 427 1656 quibus
449 1584 574 1639 sumetur
596 1582 725 1638 Ecclesiae
742 1582 901 1638 auctoritas.
926 1579 984 1636 lmo
1007 1596 1041 1636 en
1062 1581 1115 1637 hoc
1137 1583 1346 1656 argumentandi

212 1677 292 1733 modo
314 1676 401 1747 liquet
421 1675 587 1731 christianos
609 1689 719 1739 omnes,
739 1686 855 1743 quorum
875 1669 922 1726 hic
942 1685 1087 1741 personam
1106 1670 1239 1727 adversus
1260 1672 1347 1728 Mani-

210 1767 301 1822 chaeos
314 1764 393 1839 lingit
404 1764 531 1839 egreglus
544 1764 648 1829 doctor,
663 1763 690 1818 in
704 1778 736 1818 ea
749 1777 858 1833 semper
871 1761 1049 1834 persuasione
1062 1761 1180 1828 versari,
1191 1771 1222 1818 ut
1235 1760 1348 1819 credant

211 1872 241 1913 se
258 1856 334 1913 nullo
350 1854 460 1911 errandi
478 1855 600 1927 periculo
616 1852 757 1928 religionis
775 1852 901 1926 dogmata
918 1851 953 1908 ab
965 1851 1095 1909 Ecclesiae
1110 1852 1268 1926 magisterio
1285 1867 1348 1908 sus·

211 1946 315 2018 cipere.

249 2037 299 2093 llis
314 2046 406 2092 autem
424 2035 462 2091 ita
479 2032 652 2100 constitutis,
666 2031 781 2104 inquirit
794 2031 966 2106 Augustinus
983 2047 1044 2102 quae
1061 2032 1172 2088 tandem
1188 2031 1245 2089 sint
1264 2033 1349 2090 ratio·

211 2144 278 2185 num
295 2136 433 2184 momenta
446 2123 652 2198 quibus‘inniri
670 2139 727 2180 suae
743 2133 826 2180 sectae
839 2125 983 2180 veritatem
1001 2123 1146 2194 perspicue
1157 2121 1349 2179 demonstrent

211 2218 363 2274 Manichaei.
377 2217 501 2288 Epistola
518 2215 874 2288 perversorumque
890 2215 1012 2270 continet
1031 2214 1088 2269 lere
1107 2214 1198 2270 omnia
1215 2231 1277 2284 quae
1296 2214 1349 2286 ipsi

210 2309 374 2375 credebant,
396 2327 410 2360 ιι
422 2307 467 2363 Sic
485 2305 583 2378 incipit
601 2322 607 2360 :
625 2303 790 2360 Manichacus
810 2306 952 2374 Apostolus
972 2304 1038 2359 lesu
1057 2303 1160 2359 Christi
1175 2305 1351 2373 prouidentia

210 2400 258 2454 Dei
278 2397 455 2454 Potniades
477 2402 540 2451 suut
560 2396 684 2451 salubria
702 2395 795 2459 uerba,
817 2395 849 2449 da
863 2396 977 2464 peucuut'
995 2411 1027 2449 ac
1045 2396 1233 2462 vivofonte.»
1251 2395 1350 2466 htqui,

211 2488 252 2544 sic
263 2496 470 2561 argumentatur
482 2494 594 2542 sauctus
606 2485 715 2551 doctor,
725 2484 886 2553 bseusiouis
903 2493 1011 2540 tantum
1030 2485 1103 2540 viam
1115 2496 1229 2541 secutus
1241 2501 1247 2539 ι
1266 2486 1351 2541 «Non

211 2579 292 2634 credo
312 2579 396 2633 istum
416 2592 478 2633 esse
498 2575 661 2649 Apostolum
679 2574 782 2631 Christi
802 2573 894 2647 (idem
912 2573 947 2630 de
967 2574 1088 2630 Euthero
1105 2584 1133 2630 et
1153 2573 1268 2645 reliquis
1284 2573 1352 2646 dog·

211 2678 283 2725 nrata
299 2670 389 2724 aliena
404 2669 439 2725 ab
456 2668 491 2724 iis
507 2683 568 2739 quae
582 2676 646 2722 ante
661 2666 737 2738 ipsos
752 2665 919 2722 tenebantur
936 2664 1150 2736 praedicantibus
1164 2663 1257 2719 dicere
1272 2673 1352 2734 potc-

212 2757 293 2831 risl..
305 2800 329 2814 ..
355 2758 453 2828 Quaero
470 2773 534 2832 crgo
552 2757 599 2828 qui
619 2757 656 2812 sit
675 2756 728 2811 iste
747 2751 931 2812 Manichacus?
950 2754 1181 2827 Respondemus,
1201 2755 1351 2825 apostotus

211 2849 324 2906 Christi.
342 2850 402 2906 Non
420 2849 501 2906 credo
515 2863 522 2902 ε
537 2847 602 2919 quid
619 2847 674 2918 jam
688 2846 766 2901 dicas
780 2854 827 2900 aut
844 2844 929 2900 iacias
944 2860 1000 2900 nou
1017 2843 1132 2899 habebis
1147 2859 1154 2898 t
1170 2843 1352 2914 promittebas

211 2938 286 2992 enim
310 2939 454 2995 scientiam
476 2937 616 3001 veritatis,
636 2946 664 2992 ct
683 2952 756 2992 nunc
775 2935 848 3007 quod
870 2935 964 2991 nescio
987 2935 1062 3007 cogis
1082 2944 1113 2990 ut
1131 2933 1240 2989 credam
1262 2933 1322 3007 (E).
1335 2954 1351 2986 n

212 3027 282 3096 Quid
303 3029 386 3101 igitur
403 3029 432 3083 in
451 3029 495 3084 bis
514 3027 650 3100 angustiis
667 3026 825 3082 Manichaeis
844 3023 999 3099 agendum?
1017 3025 1090 3093 Quid
1110 3039 1174 3081 vero
1194 3032 1351 3095 protestan-

212 3113 306 3172 tibus?
320 3116 372 3171 Par
391 3116 464 3171 enim
483 3126 525 3171 est
543 3116 672 3187 utrinque
685 3115 770 3181 ratio,
784 3114 809 3170 si
822 3129 884 3170 cum
899 3115 955 3171 illis
965 3124 1038 3170 mota
1052 3114 1135 3170 luerit
1153 3114 1349 3170 controversia.

214 3207 312 3262 Procul
333 3205 417 3262 dubio
436 3206 470 3261 ad
493 3204 649 3275 Scripturas
672 3205 811 3275 appellent
833 3219 946 3260 necesse
969 3214 1025 3269 est,
1049 3214 1077 3260 et
1098 3203 1216 3260 manime
1237 3205 1351 3275 quidem

214 3305 412 3366 protestantes,
427 3296 528 3368 quippe
541 3295 588 3366 qui
605 3296 655 3351 has
669 3305 700 3351 ut
718 3295 827 3350 unicam
844 3295 969 3351 veritatis
982 3311 1105 3352 normam
1122 3296 1234 3351 habent.
1246 3296 1351 3351 alodia-

217 3401 280 3441 mus
300 3401 364 3459 ergo
382 3386 448 3458 quid
468 3387 502 3442 ad
522 3386 574 3443 hoc
593 3387 756 3459 respondeat
773 3385 958 3460 Augustinus,
980 3395 1008 3442 et
1025 3386 1255 3458 quemadmodum
1278 3387 1352 3444 lianc

214 3473 347 3531 evadendi
363 3475 434 3532 viam
453 3477 622 3548 praecludat:
642 3477 862 3550 «Evangelium,
880 3476 986 3547 inquit,
1003 3476 1072 3530 mihi
1092 3474 1208 3532 tortasse
1227 3476 1351 3533 lecturus

214 3581 258 3631 es,
278 3574 306 3620 et
324 3565 388 3621 inde
407 3567 548 3624 Manichaei
571 3582 717 3640 personam
740 3566 860 3622 tentabis
882 3580 1007 3622 asserere
1025 3564 1071 3639 (id
1094 3565 1215 3637 prolecto
1236 3577 1352 3640 agerent

214 3665 400 3728 protestantes
416 3657 450 3714 ad
470 3674 519 3714 sua
535 3658 661 3732 dogmata
678 3656 876 3729 comprobanda
887 3654 909 3729 l.
929 3656 958 3713 si
976 3672 1041 3730 ergo
1058 3655 1197 3711 invenires
1213 3655 1349 3727 aliquem,

215 3747 262 3818 qui
281 3747 427 3821 Evangelio
443 3747 566 3805 nondum
582 3748 684 3813 credit,
698 3746 764 3818 quid
783 3745 886 3802 laceres
901 3745 1002 3802 dicenti
1020 3744 1070 3801 tibi
1083 3761 1089 3800 ι
1103 3760 1158 3802 uon
1175 3743 1274 3801 credo?
1291 3747 1351 3818 Epo

214 3855 278 3893 ouo
301 3839 450 3909 Evangelio
474 3840 702 3905 supersuturam,
727 3840 784 3893 uisi
808 3854 849 3893 me
873 3837 1008 3893 catholica
1032 3836 1155 3890 Ecclesia
1177 3840 1352 3891 commoveret

216 3929 368 3983 authoritas
381 3926 434 4003 (5).
452 3929 557 3997 Quibus
572 3945 635 4000 erqo
648 3929 828 4000 obtemperavi
844 3929 992 3984 dicentibus
1005 3945 1014 3980 .·
1028 3927 1103 3982 crede
1121 3925 1287 3996 Evangelia·
1301 3943 1352 3982 cur

248 4100 275 4162 (l
285 4101 293 4165 )
305 4101 340 4148 lb.
357 4115 382 4148 n.
396 4103 419 4150 5.

249 4186 256 4245 (
263 4183 293 4240 2)
306 4182 342 4231 lh.
358 4197 383 4230 n.
396 4185 420 4232 6.

246 4263 292 4328 (a)
306 4261 388 4313 Verba
399 4262 452 4314 haee
464 4263 528 4314 mire
540 4270 636 4330 angunt
648 4271 827 4330 protestantes,
841 4271 866 4315 et
877 4280 905 4314 ca
918 4261 1021 4329 quidem
1036 4261 1063 4312 in
1075 4261 1158 4313 varios
1170 4276 1257 4312 sensus
1272 4260 1355 4313 dotor-
