3150 5160
641 368 679 410 nu
700 361 943 410 raanrrtonrnus.
1291 354 1353 413 Aah

208 519 274 576 hinc
292 514 442 573 conticium
458 512 634 578 traditiones,
653 522 735 585 prout
752 514 802 569 has
820 512 1011 577 delinivimus,
1030 513 1122 569 nullus
1136 527 1208 568 esse.
1224 512 1291 580 Quae
1304 513 1356 588 igi-

209 620 254 664 tur
278 605 465 663 controversia
494 604 546 659 hac
573 602 602 657 in
624 612 703 674 parte
734 602 886 659 catholicos
909 603 984 659 inter
1003 611 1031 658 et
1052 612 1239 674 protestantes
1266 605 1358 678 agitur

208 700 320 769 quaestio
342 697 409 764 sacti
431 704 475 750 est
489 711 496 749 ε
510 693 644 766 quaeritur
664 693 739 748 enim
761 708 797 747 an
820 710 913 764 reapse
934 693 1027 750 omnia
1050 693 1151 750 divinae
1179 694 1358 751 revelationis

210 790 300 860 capita
313 789 416 858 scripta
430 786 487 842 sint
499 801 601 851 necne;
614 784 743 840 catholici
757 792 873 857 negant,
884 783 1021 839 affirmant
1036 793 1231 855 protestantes.
1245 783 1359 842 Scilicet

211 880 331 934 libenter
349 878 416 933 dant
438 885 623 949 protestantes
648 877 812 933 traditiones
833 876 956 941 divinas,
980 875 1004 931 si
1029 891 1090 946 quae
1112 883 1217 939 essent,
1246 890 1358 932 summo

213 969 324 1040 pietatis
341 983 426 1023 sensu
447 967 622 1038 excipiendas
639 966 712 1032 iore,
729 975 757 1022 at
778 982 824 1022 eas
838 982 902 1022 esse
915 965 1073 1021 inficiantur
1089 982 1096 1020 :
1114 986 1129 1018 u
1144 966 1201 1021 Nec
1213 966 1302 1033 enim,
1315 966 1359 1020 in-

213 1059 273 1130 quit
287 1057 394 1124 Canus,
407 1057 476 1113 adeo
494 1066 560 1114 sunt
577 1057 698 1129 stupidi,
713 1066 744 1113 ut
757 1056 840 1112 verba
860 1056 976 1124 Christi,
990 1072 1052 1128 quae
1071 1058 1152 1113 modo
1171 1057 1275 1113 Christi
1295 1073 1359 1115 esse

214 1158 368 1215 constaret,
388 1148 521 1203 infirmari
540 1157 672 1221 pergant,
692 1148 765 1220 quod
789 1164 844 1205 non
865 1148 969 1204 luerint
988 1148 1022 1204 ab
1046 1148 1224 1220 evangelistis
1244 1148 1358 1220 scripta.

214 1241 268 1297 Sed
285 1240 416 1312 quoniam
435 1240 503 1310 quid
519 1239 662 1306 Christus,
683 1240 784 1311 quidne
802 1239 925 1311 Apostoli
949 1238 1054 1295 fuerint
1076 1239 1173 1306 locuti,
1198 1253 1246 1295 eos
1269 1239 1360 1294 solum

215 1348 299 1388 nosse
316 1340 428 1404 putant,
448 1331 496 1402 qui
518 1329 661 1386 Christum
685 1339 713 1386 et
734 1329 882 1401 Apostolos
901 1329 1038 1385 audiere:
1064 1330 1198 1403 colligunt
1216 1328 1289 1400 apud
1308 1344 1360 1386 nos

216 1439 290 1478 nunc
309 1438 344 1478 ue
362 1437 448 1477 unum
475 1421 587 1493 quidem
606 1422 704 1494 dogma
723 1437 807 1492 posse
829 1420 978 1477 traditione
997 1421 1117 1492 probari.
1140 1419 1213 1488 Quin
1231 1429 1361 1491 oportere

216 1528 313 1569 omnes
339 1513 403 1568 fidei
424 1522 452 1568 et
467 1512 610 1586 religionis
631 1511 833 1567 controversias
856 1527 999 1568 sacrarum
1025 1511 1169 1567 literarum
1192 1510 1361 1567 testimoniis

216 1619 395 1676 componere,
409 1603 489 1659 linire
501 1618 567 1659 vero
579 1601 667 1668 nihil,
681 1601 735 1658 nisi
748 1601 821 1673 quod
834 1602 922 1657 sacris
935 1602 1024 1657 literis
1038 1603 1074 1658 sit
1088 1618 1252 1673 expressum
1268 1600 1330 1677 (l).
1344 1621 1360 1656 u

254 1695 345 1766 Atque
358 1711 390 1750 ea
408 1694 521 1766 quidem
543 1693 674 1764 quaestio,
687 1693 735 1748 ubi
752 1709 816 1748 cum
836 1693 1055 1765 protestantibus
1072 1692 1237 1764 disceptatio
1251 1693 1280 1748 in
1298 1693 1362 1749 uni-

217 1801 328 1842 versum
348 1784 518 1852 instituitur,
538 1799 594 1839 uon
614 1784 707 1857 magni
726 1783 859 1839 momenti
881 1783 962 1839 nobis
985 1798 1048 1838 esse
1065 1782 1188 1849 videtur;
1217 1782 1251 1837 ad
1273 1798 1362 1837 unum

218 1885 311 1931 autem
329 1875 493 1931 Ecclesiaea
514 1873 625 1930 Christo
649 1874 809 1930 constitutae
834 1882 1029 1945 argumentum
1056 1873 1149 1929 omnis
1175 1873 1363 1930 controversia

219 1966 333 2033 recidit,
353 1975 384 2021 ut
403 1981 437 2020 ex
453 1975 517 2021 ante
538 1965 622 2020 dictis
641 1964 721 2020 lacile
743 1963 839 2034 liquet.
863 1963 940 2019 Nihil
965 1979 1047 2035 porro
1069 1979 1185 2020 necesse
1210 1964 1257 2020 hic
1277 1965 1362 2020 habe-

221 2072 284 2112 mus
301 2056 482 2112 traditionum
501 2055 679 2112 existentiam
701 2054 888 2127 peculiaribus
906 2054 1117 2126 probationibus
1141 2071 1282 2123 asserere;
1304 2073 1366 2127 quae

220 2146 341 2203 enimin
364 2147 449 2218 priori
473 2144 552 2218 part'e
570 2147 606 2202 de
624 2147 776 2218 apostolica
802 2146 997 2217 praedicatione
1018 2146 1107 2219 deque
1133 2163 1277 2204 sacrorum
1297 2149 1362 2206 nori

220 2235 391 2292 Testamenti
414 2236 548 2293 librorum
572 2237 667 2292 indole
687 2235 892 2301 disseruimus,
918 2236 986 2293 satis
1014 2237 1165 2293 ostendunt
1193 2255 1249 2295 non
1269 2239 1363 2295 omnia

220 2318 399 2374 revelationis
414 2317 525 2375 decreta
545 2320 648 2391 scripta
670 2334 747 2384 esse;
775 2320 850 2374 unde
868 2320 995 2391 sequitur
1017 2336 1048 2377 re
1069 2321 1130 2393 ipsa
1152 2337 1214 2378 esse
1235 2324 1364 2380 traditio-

219 2422 270 2462 nes
293 2407 413 2464 divinas.
436 2409 514 2477 Quod
538 2418 632 2465 autem
656 2410 755 2464 attinet
779 2409 814 2464 ad
838 2410 1053 2481 protestantium
1078 2413 1177 2487 agendi
1206 2415 1360 2480 rationem,

220 2497 273 2553 hac
293 2498 322 2553 in
340 2514 386 2566 re,
408 2500 640 2571 quemadmodum
653 2500 683 2554 in
700 2500 809 2556 caeteris
830 2499 887 2556 iere
901 2501 1047 2567 omnibus,
1067 2518 1100 2558 ea
1118 2519 1134 2558 a
1151 2503 1220 2573 justi
1240 2514 1268 2560 et
1287 2503 1359 2576 aequi

221 2589 332 2644 tramite
357 2605 471 2661 prorsus
489 2591 608 2645 aberrat.
623 2589 695 2658 Quid
713 2588 807 2644 euim?
824 2589 883 2657 Qua
902 2591 1015 2646 taudem
1038 2601 1097 2648 arte
1117 2602 1255 2649 noverunt
1278 2601 1364 2649 totam

221 2679 326 2736 Christi
348 2680 546 2735 revelationem
569 2679 722 2750 Scripturis
744 2677 896 2735 contineri?
924 2680 996 2736 illud
1018 2681 1141 2752 proiecto
1162 2683 1234 2738 scire
1260 2698 1366 2754 neque-

222 2778 272 2824 unt
295 2769 350 2825 nisi
369 2769 398 2825 id
415 2768 459 2824 vel
482 2769 543 2840 ipsa
558 2769 700 2840 Scriptura
720 2770 833 2826 disertis
855 2770 948 2826 verbis
968 2779 1102 2838 testetur,
1126 2773 1170 2828 vel
1190 2772 1264 2828 adsit
1291 2789 1365 2844 quae-

223 2859 287 2915 dam
308 2876 405 2916 norma
423 2868 499 2916 certa
518 2875 550 2914 ac
568 2859 680 2915 delinita
704 2875 738 2915 ex
757 2877 810 2931 qua
830 2861 980 2916 decernere
997 2861 1079 2918 liceat
1097 2878 1133 2917 an
1152 2862 1244 2917 omnia
1262 2864 1365 2935 scripta

224 2949 280 3004 sint
298 2965 400 3017 necne;
421 2949 449 3005 id
465 2959 559 3005 antem
575 2965 713 3020 nusquam
736 2950 878 3022 Scriptura
896 2952 1031 3016 declarat,
1056 2967 1146 3024 neque
1163 2969 1229 3008 vero
1247 2953 1303 3009 ulla
1322 2964 1366 3010 est

224 3042 441 3110 protestantibus
463 3042 557 3114 regula
569 3040 701 3098 doctrinae
722 3052 822 3112 praeter
842 3057 926 3097 unam
946 3041 1129 3115 Scripturam.
1149 3042 1261 3098 Summa
1280 3043 1366 3118 igitur

223 3128 309 3184 animi
329 3131 565 3188 inconsiderantia
583 3147 616 3187 ac
634 3132 791 3189 temeritate
814 3131 980 3189 traditiones
999 3133 1141 3205 rejiciunt.

261 3220 395 3288 Quocirca
413 3222 508 3295 negari
527 3221 623 3293 nequit
641 3221 746 3293 reipsa
765 3238 828 3278 esse
849 3223 1029 3291 traditiones;
1053 3225 1156 3292 foetum
1176 3223 1251 3280 istud
1268 3223 1366 3279 certis-

224 3311 326 3368 simum
344 3323 397 3370 est.
421 3313 543 3382 Quodsi
562 3322 655 3368 autem
679 3328 734 3368 non
753 3311 811 3382 jam
828 3313 860 3367 de
883 3314 972 3381 tacto,
1003 3314 1052 3369 sed
1071 3316 1102 3369 de
1120 3316 1188 3382 [acti
1213 3315 1367 3369 necessitate

223 3404 340 3473 quaestio
358 3404 534 3473 instituatur,
557 3403 666 3460 diversa
689 3402 812 3475 profecto
839 3403 947 3459 ratione
966 3404 1191 3474 respondendum
1210 3413 1261 3459 est.
1282 3404 1366 3459 Nem-

223 3507 258 3564 pe
281 3492 305 3548 si
322 3492 455 3548 strictiori
468 3511 553 3551 sensu
576 3495 740 3553 traditiones
757 3494 878 3567 accipias
899 3511 949 3567 pro
964 3493 1141 3568 dogmatibus
1164 3511 1220 3552 non
1236 3494 1365 3566 scriptis,

223 3582 304 3639 facile
325 3582 413 3654 liquet
430 3597 477 3638 eas
493 3599 667 3658 nequaquam
688 3585 848 3644 necessario
866 3585 1002 3651 existere;
1026 3583 1087 3640 lieri
1109 3584 1184 3640 euim
1205 3592 1312 3655 poterat
1334 3592 1366 3639 ut

223 3671 316 3728 omnia
332 3671 465 3728 doctrinae
484 3673 644 3731 christianae
663 3679 753 3749 capita
768 3694 784 3733 a
801 3677 888 3733 sacris
907 3676 1067 3733 auctoribus
1086 3675 1190 3747 scripto
1213 3674 1367 3747 proderen-

223 3771 285 3830 tur;
310 3778 366 3835 quo
385 3762 475 3834 posito
497 3763 662 3820 traditiones
688 3765 808 3823 luissent
829 3752 921 3824 nullae.
946 3767 1076 3840 Theologi
1097 3765 1186 3822 nostri
1204 3765 1252 3836 qui
1278 3765 1363 3832 hanc,

223 3869 307 3925 quam
324 3869 470 3926 negamus,
484 3853 665 3911 traditionum
678 3859 874 3915 necessitatem
887 3859 1056 3917 constituere
1071 3856 1218 3923 videntur,
1232 3856 1256 3912 si
1270 3871 1366 3911 eorum

223 3944 435 4020 argumentandi
457 3945 528 4002 ratio
549 3945 675 4002 cominus
697 3947 875 4020 inspiciatur,
900 3964 1000 4022 reapse
1023 3965 1079 4005 non
1098 3947 1133 4004 de
1156 3945 1364 4009 traditionibus,

225 4035 274 4091 sed
290 4036 325 4092 de
344 4035 493 4092 traditione
506 4045 605 4110 agunt;
630 4035 694 4092 inde
709 4046 803 4094 autent
824 4040 957 4107 obscura,
978 4040 1072 4095 minus
1094 4039 1188 4105 lirma,
1209 4037 1367 4108 saepiusque

225 4127 320 4185 minus
335 4135 410 4184 recta
423 4125 453 4182 lit
470 4127 595 4200 ipsorum
612 4127 777 4200 disputatio,
794 4131 868 4201 quod
885 4131 1064 4189 traditionem
1077 4140 1104 4189 ct
1121 4129 1286 4187 traditiones
1301 4142 1365 4198 per-

258 4284 302 4348 (l)
319 4287 352 4332 De
366 4285 426 4334 locis
439 4283 509 4333 theol.
523 4281 570 4333 lib.
583 4282 630 4343 lli,
644 4298 665 4332 c.
679 4287 702 4332 l.
