3150 5160
372 343 412 402 ιθ
686 354 802 399 cnmsrr
823 354 975 399 anvnnrus
996 353 1034 398 au
1055 353 1232 399 anvsuarm.

370 518 466 560 eorum
483 500 608 573 epistolis
623 498 811 556 tantummodo
830 499 871 556 ias
886 508 931 556 est
946 514 1069 572 quaerere
1085 514 1093 553 :
1112 498 1240 556 uniuersa
1258 499 1400 574 religionis
1416 502 1506 573 capita

369 591 533 662 exscriptis
551 590 614 645 istis
631 589 702 645 velle
721 599 861 660 repetere,
879 606 994 646 summae
1012 590 1159 646 dementiae
1176 599 1229 646 est.

406 684 552 756 ligavero,
568 695 647 746 num,
662 695 770 751 quaeso,
787 694 818 735 ca
836 681 934 735 saltem
951 679 1014 735 lidei
1030 681 1227 751 capitaquaein
1242 680 1287 737 his
1300 681 1387 740 sacris
1404 682 1507 740 litteris

371 787 438 826 sane
460 778 626 835 occurrunt,
639 769 677 823 ita
696 768 842 840 perspicue
864 769 963 825 tradita
975 769 1080 826 dixeris
1094 776 1125 824 ut
1146 769 1246 842 cuique
1261 786 1310 841 per
1325 786 1356 827 se
1375 771 1507 844 pateant?

369 861 411 917 Ad
423 876 493 932 quos
507 861 561 915 illae
573 859 685 916 directae
697 858 799 914 luerint
814 859 968 930 paulisper,
985 859 1084 924 velim,
1098 859 1238 927 attendas,
1251 869 1279 916 ιι
1298 860 1381 918 simul
1394 878 1456 933 quac
1470 863 1507 919 dc

370 952 481 1007 illarum
496 951 640 1007 occasione
654 965 686 1004 ac
700 965 783 1019 scopo
801 949 881 1005 modo
893 949 999 1005 aiebam
1014 951 1042 1006 in
1058 951 1217 1006 memoriam
1232 966 1354 1008 revoces.
1364 952 1405 1008 Ad
1415 952 1507 1008 chris·

371 1042 462 1098 tianos
473 1055 573 1111 nempe
586 1039 713 1095 homines
728 1039 890 1104 mittuntur,
903 1039 1025 1111 adeoque
1038 1040 1073 1096 de
1085 1040 1258 1114 dogmatibus
1271 1043 1366 1112 procul
1378 1042 1464 1099 dubio
1476 1043 1506 1099 in

370 1131 428 1187 illis
446 1130 552 1204 egerint
568 1129 692 1201 Apostoli
710 1129 939 1200 quemadmodum
959 1139 986 1186 et
1003 1138 1033 1185 tu
1050 1146 1146 1205 ageres
1161 1131 1186 1186 si
1205 1132 1239 1187 de
1256 1131 1422 1202 quibusdam
1439 1133 1506 1188 doc·

370 1221 450 1276 trinae
463 1220 599 1292 capitibus
612 1235 674 1276 cum
688 1220 723 1275 iis
736 1219 783 1291 qui
797 1220 874 1290 prius
888 1220 1048 1294 religionem
1065 1221 1228 1276 didicissent
1246 1237 1401 1278 sermonem
1420 1223 1507 1279 babe-

370 1325 425 1366 res.
440 1309 563 1366 Profecto
576 1325 630 1365 non
643 1310 734 1365 omnia
750 1310 783 1365 ad
799 1309 904 1380 apicem
920 1311 1105 1381 expenderes;
1123 1311 1172 1367 sed
1191 1312 1236 1367 uel
1254 1327 1348 1368 eorum
1366 1327 1506 1378 errorem,

370 1401 395 1456 si
412 1401 495 1470 quem
513 1400 559 1455 hic
572 1400 629 1455 illic
642 1398 807 1467 offenderes,
818 1401 970 1475 corrigeres
984 1402 1137 1474 perspicuis
1147 1401 1258 1472 quidem
1271 1403 1364 1459 verbis
1381 1412 1409 1460 ιι
1423 1419 1507 1477 argu·

370 1488 484 1552 mentis,
502 1504 563 1559 quae
578 1497 669 1544 tamen
688 1506 760 1561 saepe
781 1491 900 1546 decretis
923 1500 986 1548 ante
1003 1492 1113 1548 traditis
1132 1493 1333 1560 inniterentur,
1352 1493 1390 1549 ita
1408 1494 1506 1549 utilia

370 1579 431 1636 sine
452 1579 497 1635 bis
517 1579 564 1634 vix
584 1589 632 1635 aut
654 1595 689 1636 ne
710 1581 756 1636 vix
779 1581 891 1652 quidem
913 1590 987 1638 recta
1007 1582 1111 1653 percipi
1134 1589 1256 1653 possent.
1283 1583 1353 1649 lmo,
1375 1591 1458 1654 atquc
1477 1581 1507 1638 id

362 1670 553 1726 'libentissime
565 1670 701 1737 concedo,
713 1671 765 1727 etsi
779 1672 918 1744 singulare
931 1671 1041 1742 aliquod
1052 1671 1115 1728 fidei
1126 1681 1209 1743 caput
1222 1672 1294 1727 tueri
1308 1682 1356 1727 ant
1368 1673 1508 1744 explicare

370 1762 460 1817 solum
479 1760 630 1829 uoluisses,
649 1761 728 1818 facile
743 1763 913 1838 contingeret
927 1775 956 1818 ut
967 1763 1085 1834 plurima
1098 1764 1151 1820 alia
1168 1763 1256 1819 obiter
1267 1762 1319 1818 hoc
1331 1762 1413 1818 illovc
1425 1778 1507 1819 voca-

369 1851 436 1908 bulo
449 1852 616 1926 attingeres3
631 1861 660 1908 at
676 1852 741 1922 qui,
755 1869 866 1923 quaeso,
881 1853 1040 1910 obscuriora
1052 1854 1098 1910 illa
1112 1854 1270 1925 perspicere
1281 1861 1395 1924 possent
1407 1863 1508 1923 praeter

370 1943 477 2013 eosqui
487 1943 544 2014 jam
557 1950 621 1997 ante
634 1940 790 1998 novissent?
803 1941 863 2009 Qua
875 1958 939 2017 ergo
952 1944 1059 2000 ratione
1073 1944 1100 1999 in
1115 1944 1273 2000 istiusmodi
1286 1942 1425 2014 adjunctis
1442 1958 1507 2017 agc-

368 2042 430 2089 rent
446 2048 512 2089 sanc
529 2048 640 2099 omnes,
656 2033 751 2088 eadem
765 2031 860 2102 procul
877 2033 961 2088 dubio
978 2034 1151 2105 scripserunt
1167 2033 1304 2104 Apostoli.
1322 2033 1507 2101 Quamobrem

370 2133 401 2179 ut
417 2122 567 2194 apostolica
578 2122 680 2194 scripta
693 2122 846 2196 intelligas,
859 2121 1010 2178 christiana
1023 2121 1149 2196 dogmata
1162 2131 1227 2177 ante
1246 2129 1390 2193 perspecta
1405 2121 1509 2178 babeas

368 2229 482 2270 neccsse
503 2222 560 2280 est;
578 2213 621 2268 sin
641 2213 747 2279 minus,
763 2213 820 2283 jam
837 2229 891 2269 non
908 2212 938 2266 in
958 2227 1005 2277 ιο,
1030 2227 1113 2282 quem
1134 2212 1289 2282 postulant,
1309 2211 1411 2267 mentis
1433 2220 1509 2268 statu

371 2302 505 2369 versaris,
521 2300 663 2357 etidcirco
678 2316 760 2372 quam
778 2300 897 2371 plurima
917 2300 945 2355 in
964 2299 1020 2356 illis
1034 2301 1151 2356 obscura
1170 2309 1253 2372 atque
1271 2301 1376 2356 incerta
1395 2300 1446 2357 tibi
1465 2301 1509 2356 vi-

370 2393 519 2450 debuntur.

407 2482 542 2539 Caeterum
550 2481 679 2554 apostoli
695 2480 749 2552 ipsi
760 2481 856 2537 crebro
869 2495 901 2536 ea
916 2496 977 2551 quae
989 2480 1068 2552 prius
1080 2495 1173 2536 coram
1190 2479 1328 2536 tradidere
1340 2495 1509 2539 commemo·

369 2580 445 2639 rant,
469 2582 636 2643 monentque
657 2578 688 2626 ut
711 2571 767 2627 illis
786 2569 865 2626 firme
880 2570 909 2624 in
927 2580 1090 2642 perpetuum
1109 2570 1267 2625 adhaereant
1279 2569 1383 2626 fideles.
1402 2570 1464 2638 Sic,
1477 2580 1510 2629 ut

370 2662 526 2733 exemplum
543 2661 668 2728 afferam,
681 2660 715 2716 ad
728 2658 987 2717 Thessalonicenses
1003 2659 1127 2715 scribens
1140 2659 1244 2716 Paulus
1256 2661 1296 2716 ait
1309 2676 1316 2716 :
1332 2661 1396 2716 ulie
1409 2671 1510 2719 caetero

369 2768 450 2828 ergo,
466 2751 577 2819 fratres,
592 2767 721 2828 rogamus
738 2767 788 2808 vos
804 2760 833 2807 ιι
854 2750 1031 2807 obsecramus
1046 2750 1076 2806 in
1093 2750 1208 2807 Domino
1230 2749 1309 2817 lesu,
1329 2759 1360 2807 ut
1379 2753 1509 2820 quemod-

368 2843 479 2896 modurn
497 2843 636 2912 accepistis
654 2859 672 2896 a
693 2841 785 2907 uobis,
807 2839 943 2911 quomodo
962 2847 1087 2911 oporteat
1103 2854 1153 2895 vos
1174 2839 1328 2904 ambulare,
1348 2847 1375 2895 et
1399 2838 1510 2910 placere

368 2931 442 2998 Deo,
465 2932 506 2987 sio
527 2941 556 2987 et
574 2932 722 2989 ambuletis
744 2939 776 2986 ut
801 2930 949 2986 abundetis
973 2929 1071 3003 magis.
1094 2929 1175 2986 Scitis
1197 2929 1269 2984 caim
1290 2945 1350 2999 quc
1373 2935 1510 3001 precepta

368 3021 487 3075 dederim
498 3021 573 3076 uobis
586 3038 635 3091 per
647 3023 793 3076 Dominum
803 3021 894 3075 iesum
909 3017 991 3093 (1).»
1005 3019 1128 3089 Itemque
1140 3018 1168 3073 in
1186 3019 1331 3090 posteriori
1344 3018 1378 3074 ad
1395 3018 1508 3075 eosdem

369 3108 473 3165 directa
494 3109 609 3181 epistola
631 3111 690 3165 baec
708 3110 790 3165 habet
811 3109 938 3165 Paulus:
960 3108 1095 3178 ultaque,
1119 3107 1234 3175 iratres,
1256 3116 1352 3164 state:
1375 3116 1402 3164 et
1424 3116 1509 3166 terrete

368 3201 543 3266 traditiones,
563 3217 630 3271 quas
646 3201 795 3266 didicistis,
812 3201 869 3254 sice
885 3214 935 3268 per
953 3213 1113 3262 ammonem,
1134 3198 1193 3254 sive
1210 3213 1258 3269 per
1275 3197 1420 3268 epistolam
1441 3215 1507 3256 nos-

369 3317 439 3364 tram
455 3304 512 3380 (i).
527 3326 542 3360 a

405 3399 504 3470 Liquet
522 3399 608 3474 igitur·
626 3407 685 3454 tum
704 3413 738 3453 ιι
760 3398 820 3469 ipsa
841 3397 881 3452 rei
902 3403 1014 3459 natura,
1035 3403 1095 3450 tum
1113 3410 1146 3449 ex
1162 3393 1356 3466 Apostolorum
1375 3393 1459 3450 dictis
1478 3403 1507 3451 et

368 3489 465 3564 agendi
481 3490 600 3555 ratione,
614 3489 716 3560 scripta
729 3490 788 3544 haec
800 3487 932 3543 doctrinae
948 3495 1011 3541 ante
1029 3482 1135 3540 traditae
1151 3484 1243 3540 inniti.

405 3579 453 3645 m,
475 3579 549 3635 dicat
569 3579 649 3651 quis,
671 3578 828 3634 nniversam
846 3574 949 3631 Christi
971 3574 1123 3630 doctrinam
1148 3575 1328 3645 eamdemque
1351 3575 1453 3630 claram
1477 3583 1506 3631 et

369 3671 542 3742 perspicuam
555 3670 583 3724 in
596 3669 746 3743 evangeliis
761 3669 857 3723 saltem
873 3681 1018 3722 occurrere
1033 3665 1236 3740 agnoscendum
1246 3666 1364 3721 videtur.
1378 3663 1422 3721 An
1439 3680 1505 3739 ergo

369 3760 407 3816 ita
421 3776 451 3816 se
463 3776 508 3816 res
521 3760 634 3826 habeat,
647 3758 769 3816 breviter
783 3756 939 3828 expendere
952 3755 1122 3811 studeamus.

406 3849 528 3906 Primum
555 3849 666 3921 quidem
684 3849 712 3904 id
734 3847 807 3920 quod
829 3863 906 3903 sacra
932 3847 1072 3921 evangelia
1094 3845 1244 3920 perlegenti
1268 3847 1297 3902 in
1322 3844 1417 3902 oculos
1440 3861 1506 3904 mox

369 3937 487 3994 incurrit
499 3939 568 3995 illud
577 3949 632 4006 est,
646 3938 821 4011 potissimum
834 3936 1013 4003 historicum,
1028 3936 1121 3992 aninus
1136 3951 1201 3993 vero
1214 3936 1400 4012 dogmaticum
1417 3933 1506 3992 luisse

399 4127 443 4190 (Ι)
456 4127 465 4176 Ι
480 4128 599 4186 ΤΙιιιιιΙ.,
612 4127 655 4183 ΙΙΙ,
668 4131 734 4185 Mi·

399 4205 445 4268 (ι)
458 4204 478 4254 ΙΙ
496 4207 617 4263 Thessal,
632 4204 666 4262 ll,
685 4209 725 4256 il.
741 4206 778 4257 Cf.
797 4207 806 4256 Ι
830 4210 889 4258 Tim.
907 4205 930 4266 l,
950 4210 980 4267 δ’,
997 4205 1017 4254 ΙΙ
1037 4208 1096 4255 Tim.
1117 4205 1139 4266 l,
1161 4209 1204 4267 153
1225 4206 1234 4256 Ι
1251 4209 1309 4258 Cor.
1327 4203 1399 4267 l,ll,
1419 4211 1443 4254 et
1459 4204 1505 4264 xl,

366 4288 410 4348 253
423 4286 475 4348 xv,
488 4291 518 4349 ὅς
532 4291 575 4338 Tit.
588 4285 632 4346 ΙΙΙ,
645 4288 670 4336 8.
