3150 5160
323 355 344 414 4
472 368 511 412 DE
533 366 705 413 acclamatis
725 367 803 412 ANTE
822 367 971 412 cnnlsrun
988 367 1089 412 aaron
1115 366 1306 412 concinnata.

321 512 356 571 ad
373 513 515 571 Christum
534 530 622 586 nsque
641 513 881 586 perlustrabimus.
902 513 1045 569 Postremo
1065 512 1198 585 quasdam
1219 513 1382 585 adjiciemus
1404 513 1465 567 ani-

318 605 525 661 madversiones
546 604 619 660 circa
644 603 816 659 miserrimos
839 603 981 677 religionis
1004 603 1077 674 apud
1099 610 1196 676 gentes
1221 603 1348 659 infideles
1369 618 1464 668 casus;

322 705 350 750 et
370 695 412 751 sic
434 694 523 749 tribus
541 694 655 749 omuino
672 694 797 749 articulis
816 692 981 749 definiemus
999 709 1030 748 ea
1050 693 1164 764 quaeda
1182 693 1222 748 rei
1241 692 1378 766 religiosae
1400 700 1465 746 anto

322 785 462 842 Christum
479 783 636 840 eorrditione
653 783 698 839 laic
715 782 852 839 disserere
870 782 1082 854 praestituimus.

865 961 924 1036 aa.

529 1159 561 1198 DE
581 1157 731 1200 nallatenus
748 1158 816 1199 ANTE
834 1157 961 1199 materna
980 1157 1066 1200 LEGEM
1085 1159 1251 1203 conclamati.

359 1307 474 1362 Peccata
491 1305 613 1362 admisso
631 1321 719 1379 genus
737 1306 889 1361 humanum
908 1321 971 1362 mox
990 1307 1019 1362 in
1037 1308 1106 1365 duas
1122 1308 1200 1365 velut
1216 1309 1336 1366 familias
1354 1309 1407 1365 sibi
1427 1325 1464 1365 cx

323 1397 439 1452 adverso
456 1397 597 1468 oppositas
615 1397 701 1452 dividi
718 1397 811 1467 coepit.
830 1396 953 1451 Fratrem
972 1413 1053 1453 suurn
1067 1399 1180 1456 Abelem
1197 1400 1263 1456 Cain
1284 1401 1386 1457 invidia
1403 1417 1467 1472 per-

323 1487 396 1542 citus
414 1487 526 1551 occidit,
545 1496 573 1543 et
589 1486 737 1542 fratricidae
756 1487 859 1558 posteri
877 1487 906 1540 in
926 1486 1015 1543 fronte
1035 1490 1203 1561 insculptum
1222 1508 1319 1566 gerere
1338 1492 1468 1548 videntur

323 1577 406 1632 istius
426 1577 540 1632 sceleris
560 1577 741 1651 signaculum.
765 1576 832 1632 Seth
853 1586 959 1645 autem,
984 1589 1015 1635 ut
1035 1595 1086 1634 vor
1110 1581 1170 1652 ipsa
1194 1592 1274 1637 sonat
1298 1580 1359 1656 (l),
1373 1582 1467 1638 Abelis

324 1668 384 1724 loco
407 1666 555 1735 sufficitur,
579 1676 607 1723 et
628 1683 723 1724 semen
746 1667 807 1739 ejus
829 1667 844 1722 a
868 1668 922 1724 beo
944 1668 1120 1726 benedictum
1145 1671 1225 1728 uobis
1252 1673 1365 1728 exhibet
1389 1687 1467 1728 sacra

324 1757 477 1830 Scriptura.

360 1848 475 1918 Quodsi
494 1865 576 1921 porro
588 1848 618 1904 in
639 1849 691 1905 bac
703 1849 888 1905 remotissima
902 1848 1067 1922 antiquitate
1082 1849 1240 1925 religionis,
1257 1849 1377 1906 maxime
1391 1851 1465 1923 apud

323 1940 401 1998 Sethi
418 1940 503 2007 filios,
522 1948 625 1997 statum
644 1939 843 2011 inspiciamuS,
866 1938 907 2004 id,
926 1949 1059 2011 quantum
1085 1956 1135 2011 pro
1155 1950 1311 2012 temporum
1329 1949 1467 1998 vetustate

322 2033 433 2105 assequi
451 2033 530 2098 licet,
544 2031 625 2088 nobis
638 2030 812 2102 potissimum
826 2030 855 2085 in
869 2031 963 2087 oculos
980 2030 1112 2087 incurret.
1126 2032 1237 2088 Nullum
1251 2032 1362 2103 quidem
1381 2047 1467 2102 appa-

323 2133 365 2179 ret
383 2123 542 2179 institutum
556 2122 697 2194 poblicum
712 2136 766 2192 qua
779 2121 881 2176 veritas
898 2121 1022 2177 tradatur
1040 2129 1154 2192 tutoque
1168 2138 1183 2177 a
1198 2122 1265 2178 falso
1285 2131 1464 2190 secernatur;

322 2213 432 2268 secabat
448 2213 523 2268 enim
539 2213 655 2286 exiguus
671 2211 837 2268 familiarum
855 2229 1001 2281 numerus,
1015 2213 1124 2269 vetabat
1141 2213 1200 2285 ipsa
1215 2212 1356 2269 societatis
1375 2212 1465 2269 forma

322 2302 418 2374 reique
430 2302 585 2358 communis
595 2303 794 2358 constituendae
805 2303 954 2359 modus.Ea
965 2320 1063 2376 nempe
1075 2314 1154 2361 aetate
1166 2304 1276 2378 rigebat
1287 2302 1465 2360 solummodo

322 2402 468 2464 paternum
488 2393 621 2466 regimen.
637 2394 724 2468 lgitur
739 2394 825 2466 patris
842 2395 991 2451 auctoritas
1007 2395 1110 2467 publici
1127 2393 1247 2449 instituti
1268 2393 1359 2448 locum
1376 2403 1464 2459 tenet,

322 2492 362 2546 et,
383 2491 414 2538 ut
432 2483 461 2538 in
479 2484 601 2551 caeteris,
622 2484 660 2539 ita
677 2484 760 2540 etiam
776 2485 806 2540 in
825 2501 855 2540 re
871 2485 1012 2559 religiosa,
1028 2485 1079 2542 toti
1096 2482 1206 2539 familiae
1222 2489 1322 2551 praeest
1341 2497 1440 2551 parens
1458 2499 1466 2538 t

322 2574 383 2645 ipse
400 2574 448 2628 bei
471 2575 600 2648 mysteria
616 2573 687 2631 filios
708 2575 817 2642 edocet,
840 2576 900 2649 lpse
922 2577 1056 2633 sacrificia
1077 2573 1171 2639 offert,
1191 2587 1277 2643 eaque
1294 2572 1385 2626 omnia
1405 2588 1467 2642 quae

321 2663 357 2719 ad
374 2664 479 2719 cultum
496 2664 621 2720 divinum
638 2665 757 2722 attinent
776 2666 859 2722 totius
873 2666 983 2722 familiae
999 2663 1110 2720 nomine
1127 2661 1241 2735 peragit.
1255 2661 1326 2716 Hinc
1344 2659 1374 2716 fn
1393 2661 1466 2716 utin

323 2755 410 2810 sacris
426 2755 527 2811 litteris
542 2770 642 2826 parens
655 2757 756 2828 saepius
770 2767 877 2829 pastor,
891 2758 986 2814 doctor
998 2755 1041 2812 vel
1058 2752 1140 2809 etiam
1154 2751 1284 2808 sacerdos
1298 2751 1465 2824 appelletur.

322 2845 351 2901 Si
368 2845 435 2902 huic
451 2846 603 2904 domestico
620 2847 778 2923 magisteria
797 2848 955 2905 diuturnam
973 2843 1191 2918 patriarcharum
1209 2843 1294 2899 vitam
1314 2841 1466 2906 addideris,

322 2952 377 3007 qaia
404 2935 488 2992 fiebat
511 2946 541 2993 ut
566 2954 610 2994 res
636 2939 748 2997 exordio
770 2941 873 2997 conditi
896 2938 971 2995 orbis
991 2945 1057 2993 actae
1078 2934 1155 2991 velut
1178 2943 1329 3006 praesentes
1355 2949 1468 3004 semper

323 3027 504 3094 sisterentur,
528 3027 622 3100 sicque
645 3030 774 3087 veritates
792 3029 921 3102 primitus
940 3042 955 3082 a
977 3027 1032 3083 Deo
1053 3026 1160 3082 traditae
1179 3025 1320 3080 difficilius
1340 3032 1469 3079 emente

323 3116 393 3172 elabi
417 3126 543 3188 possent,
562 3119 697 3175 rationem
721 3119 859 3177 inveneris
878 3133 928 3173 eur
945 3115 979 3171 ad
1001 3115 1143 3172 Noaclrum
1164 3131 1252 3186 usque
1271 3114 1415 3179 homines,
1438 3120 1469 3169 ut

324 3203 445 3278 corrupti
463 3207 616 3273 extiterint,
641 3219 732 3265 tamen
751 3207 912 3266 idololatriae
931 3205 992 3261 labe
1010 3204 1104 3262 foedati
1125 3221 1197 3277 pene
1216 3221 1272 3261 non
1293 3204 1403 3260 fuerint.

359 3297 439 3353 Brevi
459 3305 522 3368 post
536 3298 672 3355 diluvium
691 3300 817 3356 homiues
835 3298 882 3353 irae
898 3296 998 3353 divinae
1017 3296 1096 3352 obliti
1114 3304 1194 3362 sunt;
1212 3305 1240 3351 et
1259 3296 1353 3367 pravis
1377 3295 1468 3351 cardis

322 3386 521 3458 cupiditatibus
546 3400 639 3446 mente
664 3390 777 3461 decepta
802 3388 941 3459 variisque
970 3387 1091 3442 externis
1116 3385 1255 3457 adjunctis
1290 3386 1468 3458 perturbata,

324 3477 452 3548 quoniam
470 3495 525 3535 non
542 3489 602 3535 erat
617 3495 672 3551 quo
689 3480 723 3535 ad
740 3478 799 3535 veri
817 3477 955 3534 tramitem
972 3485 1148 3532 revocaretur
1167 3475 1356 3549 magisterium
1377 3475 1470 3547 publi-

324 3583 387 3622 cum
404 3567 519 3640 ejusque
535 3569 609 3624 vices
626 3583 721 3640 gerere
738 3582 793 3623 nan
809 3567 928 3638 amplius
940 3566 1049 3621 valebat
1065 3566 1216 3622 domestica
1232 3566 1386 3631 institutio,
1407 3581 1470 3620 mox

324 3656 470 3712 Auctorem
491 3674 573 3714 suum
591 3658 799 3729 dereliquerunt
817 3665 900 3728 atque
920 3672 1002 3727 opera
1020 3672 1151 3713 manuum
1170 3655 1233 3726 ejus
1251 3665 1280 3711 ut
1298 3657 1367 3713 Deos
1380 3657 1471 3713 colere

324 3758 475 3819 coeperunt.
489 3748 525 3804 At
540 3758 674 3805 creaturae
689 3764 746 3803 suae
761 3745 894 3802 misertus
912 3746 1061 3814 Dominus,
1073 3762 1169 3803 veram
1187 3747 1347 3821 religionem
1361 3747 1471 3803 cterris

324 3837 459 3912 emigrare
480 3855 534 3894 uon
552 3839 625 3895 sivit.
646 3837 832 3893 abrahamum
854 3838 888 3893 ad
909 3853 939 3893 se
960 3839 1080 3905 vocavit,
1100 3853 1219 3908 eumque
1237 3837 1342 3893 coelesti
1365 3837 1472 3892 lunrine

324 3929 501 3984 collustravit
520 3939 550 3984 ut
563 3930 655 4000 ipsum
667 3944 743 3983 coac
755 3933 780 3982 ct
799 3927 885 3982 electra
901 3929 990 3999 pentir
1007 3937 1112 3999 patrem
1126 3929 1315 3985 constitueret.
1335 3928 1471 3999 Deinceps

325 4035 390 4091 ergo
411 4036 475 4075 vera
498 4019 594 4092 religio
613 4018 686 4088 apud
704 4018 821 4074 Abrahae
835 4027 960 4089 posteros
978 4028 1020 4074 cst
1039 4020 1202 4091 quaerenda;
1221 4030 1249 4077 et
1266 4036 1320 4092 quo
1337 4019 1424 4075 tutius
1442 4019 1472 4074 in

326 4109 387 4179 ejus
400 4110 486 4181 stirpe
499 4124 567 4181 pura
584 4117 756 4180 permaneat,
772 4109 844 4164 Deus
857 4108 918 4182 ipse
933 4109 991 4181 jam
1007 4110 1139 4182 peculiari
1152 4112 1258 4170 ratione
1273 4112 1313 4168 rei
1332 4110 1469 4185 religiosae

357 4271 403 4335 (l)
421 4270 481 4323 Seth
498 4269 617 4324 hebraico
634 4269 752 4326 idiomate
773 4279 845 4326 notat
859 4290 964 4339 portora,
984 4273 1030 4326 hoc
1048 4282 1100 4339 est,
1122 4273 1208 4333 Abelis
1227 4275 1289 4326 loco.
