3150 5160
348 356 407 416 196
530 371 677 416 historus:
699 370 946 416 Paonusnamistss
968 371 1100 415 muudum
1121 359 1317 416 buuviattwu.

346 518 425 592 quis,
445 516 521 574 omui
541 516 669 592 dogmate
687 517 857 588 posthabito,
877 532 987 572 morum
1007 526 1157 589 praecepta,
1177 525 1259 589 prout
1278 517 1369 583 novit,
1390 532 1488 574 serva-

346 609 426 666 verit.
440 609 506 678 Quae
519 623 605 679 quum
621 609 659 663 ita
681 608 752 673 sint,
771 608 859 678 liquet
875 615 933 664 toto
950 607 1019 664 coelo
1032 607 1136 663 distare
1148 607 1202 664 hoc
1222 608 1374 680 sceptioum
1386 623 1419 665 ac
1431 608 1487 665 im-

346 701 423 772 pium
448 705 636 753 commentum
661 713 677 752 a
702 697 901 754 catholicorum
922 697 1113 770 theologorum
1136 697 1272 754 doctrina.
1298 699 1489 756 Vehementer

347 802 412 862 orgo
433 788 463 842 iu
483 788 555 843 hauc
576 803 635 843 rem
657 797 752 860 peccat
777 788 947 856 leibnitius,
968 788 1012 846 vir
1029 788 1098 844 alias
1120 789 1343 860 spectatissimus
1365 799 1393 847 et
1414 790 1487 846 mira

346 877 450 952 ingenii
463 877 523 933 acie
539 878 798 949 prestantissimus,
813 895 898 950 quum
915 887 1056 935 asseverat
1070 879 1218 936 nonnullos
1232 880 1383 937 catholicos
1403 881 1487 937 theo-

346 967 423 1041 logos
434 966 558 1022 eamdem
571 983 652 1039 quam
666 967 794 1041 proponit
806 978 902 1027 tenere
919 970 1087 1026 sententiam
1100 967 1156 1045 (l).
1170 969 1224 1026 Sed
1238 970 1296 1027 haeo
1309 971 1453 1028 hacteuus.

384 1094 415 1149 lu
437 1093 472 1150 iis
495 1093 654 1150 rudioribus
671 1093 798 1166 quidem,
811 1103 840 1151 ιι
858 1103 901 1151 ιιι
919 1094 1073 1167 perspicuis
1086 1103 1195 1162 tamen,
1210 1111 1271 1166 quae
1283 1095 1408 1153 historiae
1427 1111 1487 1152 me-

346 1182 423 1241 thodi
444 1184 662 1255 protestantismi
681 1200 730 1256 pro
751 1185 880 1242 instituto
892 1195 989 1242 nostro
1001 1185 1132 1242 duximus
1145 1186 1337 1254 lineamentis,
1351 1187 1485 1243 absonam

346 1274 461 1349 perinde
483 1290 515 1330 ao
539 1275 683 1332 exitiosam
705 1275 787 1332 istius
809 1275 932 1333 methodi
954 1275 1076 1333 indolem
1095 1275 1153 1346 jam
1179 1275 1330 1332 contueris.
1354 1276 1486 1348 Plerique

346 1367 422 1422 euim
441 1382 475 1421 ex
496 1366 726 1438 protestantibus,
753 1365 907 1438 praesertim
933 1364 1258 1438 pseudo-reformationis
1284 1364 1381 1433 initio,
1401 1382 1485 1423 suum

347 1456 514 1530 principium
539 1455 573 1511 ad
593 1472 675 1511 usum
697 1454 904 1512 accommodare
928 1456 1092 1524 uoluerunt,
1111 1455 1139 1511 id
1163 1456 1248 1527 probe
1265 1455 1404 1523 assecuti,
1430 1471 1485 1511 uno

347 1561 411 1602 cum
428 1545 488 1617 ipso
508 1545 556 1601 diu
575 1544 727 1602 consistere
749 1562 803 1602 non
823 1562 905 1618 posse
926 1546 1101 1620 religionem;
1120 1554 1204 1618 atque
1229 1545 1292 1602 ideo
1312 1544 1486 1602 auctoritatis

346 1633 434 1700 viam,
447 1635 536 1707 quoad
555 1635 616 1707 ejus
633 1634 692 1691 lieri
713 1644 820 1707 posset,
834 1651 884 1709 per
896 1635 989 1693 omnia
1009 1635 1159 1692 ineundam
1172 1637 1346 1692 constituero
1355 1644 1396 1692 ut.
1411 1635 1485 1704 Quin

346 1726 430 1783 etiam
448 1727 561 1798 planum
582 1735 625 1783 est
642 1727 753 1783 exordio
767 1727 914 1800 plerosque
926 1725 1070 1800 theologos
1087 1725 1187 1798 privati
1204 1725 1340 1783 examinis
1362 1726 1484 1784 methodi

346 1816 467 1874 indolem
487 1833 658 1889 nequaquam
676 1817 868 1889 perspexisse,
883 1818 939 1873 imo
951 1825 1009 1873 toto
1023 1816 1071 1872 illo
1084 1815 1158 1888 quod
1171 1816 1403 1888 perlustravimus
1417 1826 1486 1874 tem-

347 1908 422 1981 poris
444 1909 533 1980 spatio
551 1908 659 1964 nullum
679 1907 749 1965 sorte
765 1908 825 1980 ejus
844 1915 971 1963 naturam
985 1907 1096 1978 penitus
1109 1922 1171 1963 esse
1184 1914 1375 1963 consecutum.

384 2000 460 2075 Rogo
481 2008 574 2056 autem
596 1998 662 2070 quid
684 1998 795 2055 tandem
818 1998 856 2054 sit
876 1997 1012 2070 ejusmodi
1039 1996 1182 2070 religionis
1204 1997 1378 2062 institutum,
1404 1996 1485 2068 cujus

347 2089 530 2163 principium,
555 2089 628 2161 quod
647 2087 817 2146 fundamenti
833 2089 924 2144 instar
943 2087 1074 2156 habetur,
1097 2086 1248 2145 latentibus
1266 2097 1315 2144 aut
1331 2088 1416 2144 tacite
1437 2098 1485 2145 aut

347 2179 432 2236 etiam
449 2180 553 2237 diserte
571 2179 661 2251 ipsius
679 2179 877 2245 sectatoribus,
894 2194 983 2250 usque
1000 2178 1069 2236 adeo
1087 2194 1103 2233 a
1127 2179 1269 2252 religionis
1290 2180 1400 2256 legibus
1418 2180 1485 2238 alie·

348 2285 415 2326 uum
428 2279 487 2338 est,
507 2279 580 2326 uteo
593 2278 684 2326 stante
696 2269 756 2325 haeo
768 2270 901 2326 tollatur?
914 2270 989 2342 Rogo
1002 2268 1070 2340 quid
1082 2268 1193 2324 demum
1204 2268 1386 2340 judicandum
1401 2269 1439 2326 sit
1451 2269 1485 2326 de

346 2359 504 2416 istiusmodi
526 2358 655 2416 methodo
674 2375 736 2431 quae
754 2367 897 2431 tantopere
914 2375 930 2414 a
947 2368 1079 2417 consueta
1096 2367 1202 2415 naturae
1220 2358 1265 2417 via
1284 2359 1433 2418 etidcirco
1451 2361 1485 2417 ab

345 2448 408 2522 ejus
425 2449 533 2523 legibus
549 2450 694 2518 abhorret,
714 2458 744 2504 ut
761 2465 812 2506 neo
830 2466 846 2505 a
865 2450 924 2507 suis
946 2449 1099 2507 fautoribus
1113 2449 1231 2522 intelligi
1249 2466 1330 2521 posse
1344 2449 1485 2518 videatur,

345 2556 398 2597 nec
417 2540 531 2597 minime
550 2540 584 2596 ad
603 2556 685 2596 usum
704 2539 803 2596 adduci
820 2537 920 2613 queat?
932 2539 1032 2596 Procul
1052 2538 1137 2596 dubio
1166 2537 1213 2594 ubi
1234 2540 1301 2594 talia
1319 2549 1483 2607 occurrunt,

346 2647 402 2688 nou
421 2631 541 2704 amplius
554 2631 606 2687 sub
621 2629 715 2704 judice
733 2631 768 2686 lis
781 2640 836 2696 est,
851 2646 902 2687 nec
914 2630 1020 2686 diutius
1032 2629 1244 2704 ambigendum;
1264 2628 1314 2684 sed
1333 2638 1364 2685 ut
1377 2645 1485 2685 merum

345 2722 476 2779 tardioris
489 2722 717 2795 petulantiorisve
729 2721 834 2796 ingenii
848 2729 1035 2778 commentum
1052 2718 1223 2792 explodenda
1244 2727 1288 2776 est
1303 2719 1358 2776 ista
1377 2720 1485 2776 metho-

345 2812 409 2871 dus.
422 2811 458 2869 Αι
469 2829 547 2878 ιιιι,
562 2813 614 2869 hac
632 2812 740 2869 ratione
758 2822 872 2870 nutante
884 2811 1079 2880 fundamento,
1093 2827 1148 2883 quo
1162 2819 1241 2883 pacto
1255 2810 1410 2868 consistere
1421 2827 1484 2884 pos·

347 2901 385 2958 sit
396 2900 543 2959 aedilicium
562 2903 635 2959 haud
654 2918 721 2960 saue
743 2901 878 2977 intelligo.

377 2991 465 3047 Fuere
475 2992 603 3064 equidem
612 2993 660 3064 qui
673 2992 893 3065 protestantismi
905 2991 1035 3049 methodo
1048 2991 1223 3062 aliquatenus
1236 2991 1337 3048 saltem
1349 2989 1486 3050 inhaerere

346 3079 507 3147 voluerunt3
530 3080 578 3137 sed
597 3081 663 3152 quid
685 3082 755 3154 ipsis
775 3082 921 3158 contigerit
941 3081 1046 3138 vidisti.
1067 3081 1147 3137 Brevi
1167 3081 1231 3139 illos
1251 3097 1284 3139 eo
1305 3081 1422 3139 adduxit
1443 3082 1485 3141 ris

346 3170 448 3244 logica,
464 3180 496 3227 ut
507 3180 687 3246 agnoscerent
699 3171 839 3228 neminem
859 3180 918 3228 uta
936 3187 1002 3228 vero
1013 3171 1135 3228 alienum
1154 3171 1280 3228 damnari
1300 3188 1397 3245 posse,
1416 3174 1485 3232 tole·

346 3261 449 3318 randos
469 3277 517 3318 eos
537 3277 633 3318 omnes
656 3261 704 3333 qui
720 3261 872 3332 Scripturis
889 3276 920 3318 se
939 3262 1102 3334 obsequium
1123 3273 1254 3334 praestare
1276 3264 1484 3337 profiterentur,

347 3351 407 3408 sive
424 3353 504 3425 plura
521 3351 579 3409 sive
592 3352 720 3424 pauciora
732 3350 792 3408 sive
801 3352 883 3408 etiam
894 3352 969 3407 nulla
984 3350 1101 3410 fortasse
1119 3350 1246 3426 dogmata
1259 3353 1328 3410 satis
1340 3354 1486 3427 perspicue

347 3443 447 3501 tradita
459 3442 658 3500 existimarent.
673 3444 744 3499 llinc
760 3453 838 3500 ortus
850 3443 898 3499 ille
911 3442 1160 3500 indifferentismus
1175 3452 1259 3515 atque
1271 3443 1355 3499 etiam
1374 3445 1480 3514 subjee-

348 3537 486 3604 tt‘oiomur,
509 3551 626 3607 quorum
648 3534 724 3606 prior
746 3533 843 3590 statuit
862 3534 896 3590 ad
920 3532 1038 3590 salutem
1066 3531 1192 3589 sufficere
1217 3549 1326 3591 morum
1352 3544 1487 3608 praecepta

347 3640 485 3693 servasse,
510 3642 607 3683 omnes
628 3635 722 3682 autem
744 3625 905 3698 religiones,
924 3632 1061 3695 quatenus
1082 3623 1242 3697 dogmaticae
1267 3632 1348 3692 sunt,
1371 3640 1485 3696 prorsus

347 3713 537 3772 indifferentes
555 3731 631 3783 esse;
649 3714 786 3787 posterior
798 3729 863 3771 vero
881 3713 1006 3770 deceruit
1025 3713 1052 3769 id
1070 3713 1158 3771 cuivis
1176 3722 1207 3770 ut
1225 3729 1321 3770 verum
1335 3715 1486 3772 tenendum

348 3802 421 3876 quod
440 3804 494 3877 ipsi
508 3806 546 3862 ita
558 3805 698 3873 videatur,
718 3820 770 3861 nec
788 3821 903 3862 neccsse
921 3821 983 3862 esse
1001 3805 1143 3878 inquirere
1156 3821 1192 3860 au
1207 3805 1299 3877 reipsa
1313 3814 1342 3861 et
1360 3805 1486 3875 objectiva

348 3892 418 3949 illud
433 3910 530 3950 verum
551 3897 588 3953 sit
606 3912 708 3964 necue;
726 3904 810 3967 atque
828 3895 890 3953 ideo
914 3896 985 3952 nihil
1001 3897 1077 3952 aliud
1096 3905 1139 3952 est
1158 3895 1383 3968 subjectivismus
1402 3913 1485 3970 quam

348 3984 571 4043 indifferentismi
584 3996 704 4061 systema
714 3987 878 4059 explicatius
890 3986 1072 4044 declaratum.

385 4075 444 4133 lloc
458 4084 578 4148 systema
597 4078 745 4134 tuebantur
758 4077 877 4154 theologi
888 4093 985 4135 omnes
998 4078 1060 4149 qui,
1074 4075 1396 4150 pseudoreiormationis
1408 4078 1486 4151 prin-

346 4165 419 4239 cipio
437 4173 609 4234 constantes,
628 4166 747 4226 docuere
770 4184 909 4242 quemque
930 4167 983 4226 sibi
1007 4167 1223 4244 permittendum
1248 4166 1277 4224 in
1300 4166 1445 4243 deligenda
1469 4183 1487 4224 e

380 4313 408 4378 (l
418 4313 428 4379 )
440 4313 488 4382 Ap.
500 4312 621 4367 Pelisson.
