3150 5160
213 355 253 415 68
337 372 376 414 nn
390 372 430 415 ns
444 370 587 414 nunninus
602 371 656 425 Qui
672 370 744 414 rosr
759 369 848 415 mvun
863 367 1069 413 nrosxoxxcnu
1084 369 1249 416 ruonuunu.

211 517 313 572 mirum
339 517 363 571 si
390 516 423 572 ad
451 515 639 588 Scripturam,
666 517 796 573 omnibus
816 515 977 586 probatam,
1004 517 1193 587 provocaverit
1217 517 1358 585 Basilius余

211 608 331 663 maxime
346 622 411 662 vero
430 624 516 678 quum
534 607 637 662 ibidem
657 606 686 661 in
705 605 824 661 lormula
841 604 973 675 baptismi
992 613 1047 659 tam
1069 607 1215 676 perspicue
1231 607 1360 664 tradatur

211 715 243 754 ea
256 715 339 770 quam
360 698 489 753 tuebatur
508 695 665 753 sententia?
678 695 733 752 Suo
752 711 816 769 ergo
833 695 897 766 J'ure
915 710 983 750 usus
1000 704 1043 750 est
1062 705 1176 752 sanctus
1192 697 1303 765 doctor,
1316 699 1360 753 uti

212 804 335 860 persaepe
353 787 478 844 lecerunt
500 788 548 842 alii
571 787 691 861 theologi
713 786 862 852 catholici余
885 801 1060 856 nequaquam
1084 795 1176 842 autem
1199 787 1360 844 traditionis

212 878 380 950 principium
399 879 555 933 convellere
575 877 672 933 voluit.

249 968 328 1036 Quod
346 969 369 1024 si
386 977 479 1023 tamen
495 970 585 1023 locum
605 967 680 1023 hunc
692 965 779 1021 aliave
793 964 910 1035 similia,
927 980 989 1035 quoe
1002 966 1036 1020 ab
1054 967 1187 1025 orationis
1207 969 1280 1024 serie
1293 985 1362 1025 avo-

212 1067 291 1124 cant,
306 1058 385 1114 nobis
398 1057 537 1113 adversari
557 1057 684 1111 dictitare
698 1063 844 1128 pergerent
862 1063 1063 1125 protestantes,
1086 1055 1120 1111 ad
1141 1072 1223 1111 suum
1243 1072 1362 1113 sensum

213 1163 322 1220 quoque
335 1149 445 1203 trahere
460 1147 601 1213 studeant,
614 1147 711 1210 velim,
725 1161 787 1216 quae
801 1160 885 1216 supra
899 1146 1079 1216 exposuimus
1092 1147 1186 1202 Rasilii
1201 1147 1337 1220 principia
1351 1165 1359 1204 :

214 1254 263 1295 seu
284 1238 376 1310 potius
396 1247 553 1312 expungant
570 1238 738 1309 penitusque
757 1236 867 1290 deleant
886 1244 994 1305 oportet
1014 1237 1142 1292 universa
1161 1253 1222 1308 quoe
1242 1254 1306 1294 cunr
1327 1239 1361 1294 in

214 1329 320 1401 integra
345 1327 402 1384 lere
424 1329 459 1384 de
487 1329 591 1398 Spiritu
619 1338 713 1384 sancto
738 1325 915 1391 tractatione,
943 1333 1002 1380 tum
1031 1327 1097 1381 alibi
1119 1343 1193 1398 saepe
1214 1328 1275 1384 sine
1301 1330 1361 1384 ulla

213 1417 392 1490 ambiguitate
404 1418 498 1475 docuit
508 1434 540 1473 ac
549 1417 741 1490 propugnavit.
756 1417 789 1472 Et
802 1430 881 1482 vero,
895 1423 926 1470 ut
940 1415 991 1471 hoc
1001 1415 1091 1471 obiter
1105 1417 1210 1484 dicam,
1225 1418 1362 1487 peculiari

214 1517 242 1564 et
261 1523 330 1563 nova
349 1523 417 1563 sane
434 1508 643 1580 argumentandi
662 1507 768 1562 ratione
787 1506 816 1559 iu
836 1505 1051 1575 interpretandis
1071 1507 1201 1563 Patribus
1224 1508 1293 1562 mihi
1317 1509 1362 1564 uti

214 1599 345 1654 videntur
357 1598 508 1654 adversarii
523 1615 529 1653 :
545 1598 737 1668 nequeenim,
752 1605 783 1650 ut
800 1595 922 1666 postulat
936 1595 1038 1668 logica,
1051 1610 1085 1652 cx
1102 1598 1171 1653 locis
1189 1599 1363 1669 perspicuis,

215 1688 262 1744 nbi
276 1689 378 1762 regulae
390 1704 423 1744 ac
436 1689 570 1760 principia
583 1688 731 1780 tpaduntur
746 1685 899 1760 generalia,
914 1685 1003 1741 lucem
1018 1696 1115 1757 petunt
1128 1688 1161 1744 ad
1179 1689 1364 1746 illustrandos

215 1789 306 1836 textus
320 1781 454 1852 quosdam
466 1781 620 1852 singulares
637 1788 685 1834 aut
699 1776 927 1834 subobscuriores
943 1775 1007 1850 (qui
1024 1787 1114 1833 tanuen
1133 1780 1273 1850 perspicui
1288 1780 1364 1836 hunt

136 1910 138 1915 -
215 1872 262 1928 ubi
280 1889 296 1927 a
313 1873 459 1944 principiis
479 1871 546 1926 alibi
562 1869 673 1926 statutis
688 1883 745 1923 non
759 1864 965 1939 divelluntur)余
983 1868 1031 1922 sed
1047 1877 1141 1923 contra
1156 1885 1190 1923 ex
1203 1869 1248 1924 his
1264 1870 1364 1926 lumen

214 1977 338 2033 quaerere
351 1963 442 2017 solent
451 1960 485 2017 ad
497 1961 544 2015 illa
558 1957 741 2031 explananda,
753 1972 802 2012 seu
812 1956 906 2011 verius
918 1958 1048 2012 tenebras
1061 1967 1092 2013 ut
1107 1959 1216 2014 tandem
1230 1959 1365 2015 universa

215 2051 332 2124 caligine
345 2052 501 2107 obvolvant.
515 2049 636 2106 Caveant
648 2059 740 2105 nutem
757 2064 791 2103 ne
808 2047 843 2103 oh
861 2048 998 2117 ejusmodi
1011 2049 1159 2105 artificium
1176 2051 1239 2122 jure
1260 2051 1366 2106 merito

218 2141 267 2195 lilii
281 2141 457 2197 tenebrarum
471 2141 653 2212 appellentur.
667 2140 709 2196 Ad
722 2138 776 2194 alia
789 2151 947 2210 pergemus.

491 2513 513 2552 S.
533 2510 690 2558 eventibus,
710 2508 930 2550 chntflaclllctlsls
952 2507 1103 2549 nectemus.
1185 2514 1188 2519 '

246 2668 382 2724 Doctrinae
392 2667 421 2723 S.
433 2666 562 2740 Cypriani
575 2666 775 2737 expositionem
789 2665 851 2721 ideo
864 2665 893 2720 in
907 2665 982 2720 hunc
992 2664 1274 2730 lecnmdistulimus,
1287 2666 1366 2735 quod

216 2756 295 2827 ipse,
317 2756 346 2811 iu
368 2772 400 2812 eo
423 2757 497 2826 quod
518 2770 663 2811 versamus
685 2762 865 2828 argumento,
888 2754 986 2828 graecis
1008 2752 1137 2808 Patribus
1160 2751 1312 2810 Athanasio
1336 2764 1366 2811 et

215 2847 318 2904 Rasilio
336 2848 454 2903 multum
473 2856 593 2918 praestat.
611 2846 706 2902 Dedita
725 2845 800 2902 enim
819 2862 901 2917 opera
918 2854 946 2900 et
963 2859 1072 2899 summa
1086 2843 1190 2914 ingenii
1213 2844 1241 2898 vi
1259 2854 1287 2901 et
1304 2846 1367 2900 acie

216 2937 398 3006 quaestionem
414 2936 449 2992 de
468 2936 625 2992 traditionis
646 2937 689 2991 via
708 2952 740 2991 ac
759 2935 903 2999 methodo,
924 2951 975 2989 seu
993 2934 1028 2988 de
1042 2934 1173 2990 Ecclesiae
1196 2935 1365 2991 auctoritate

217 3025 319 3080 evolvit
331 3034 412 3096 atque
426 3024 589 3090 illustravit余
604 3025 641 3080 itu
655 3034 685 3080 nt
698 3025 822 3080 doctrina
835 3025 869 3079 ab
882 3025 1012 3080 omnibus
1025 3023 1160 3079 hactenns
1175 3036 1362 3097 propugnata,

217 3114 252 3169 ab
264 3114 404 3185 aliquibus
415 3123 506 3169 autem
519 3115 628 3186 egregie
639 3115 696 3186 jam
709 3114 854 3180 adornata,
868 3133 883 3168 a
897 3112 1033 3186 Cypriano
1052 3113 1179 3184 pluribus
1195 3117 1363 3186 amplificata

216 3214 299 3275 atque
311 3204 346 3259 ad
360 3204 551 3275 perfectiorem
568 3205 788 3276 pressionemque
805 3205 921 3261 formam
937 3205 1022 3260 luerit
1035 3215 1170 3261 revocata.
1188 3204 1363 3278 Quapropter

217 3296 308 3350 locum
326 3297 495 3366 praecipuum
512 3295 565 3350 sibi
579 3294 700 3350 vindicat
713 3295 832 3367 inclytus
849 3304 951 3366 martyr
964 3295 1037 3348 inter
1057 3294 1301 3364 praestantissimos
1314 3297 1362 3367 qui

217 3387 282 3442 huic
295 3396 456 3459 argumento
470 3386 645 3442 dilucidando
659 3385 849 3441 exornandove
869 3385 1020 3439 incubuere
1033 3385 1186 3458 theologos.

245 3477 336 3546 Quum
349 3487 441 3533 autem
454 3477 621 3547 peculiarem
637 3475 671 3531 de
684 3475 807 3531 Ecclesia
820 3474 1012 3531 tractationem
1027 3473 1126 3535 edidit.
1142 3490 1175 3529 ex
1189 3475 1240 3530 hac
1252 3484 1360 3530 tantum

217 3583 278 3637 quae
297 3567 425 3621 tuebatur
445 3566 580 3637 principia
600 3566 754 3621 eliciemus.
774 3564 810 3620 At
830 3579 915 3637 pauca
936 3565 965 3618 in
986 3574 1161 3619 antecessum
1180 3564 1216 3619 de
1234 3564 1361 3620 doctrina
1429 3599 1431 3602 <

216 3670 299 3724 quam
313 3653 386 3709 circa
399 3654 559 3708 christianae
572 3653 714 3726 religionis
728 3653 848 3710 indolem
865 3655 969 3726 passim
983 3655 1111 3709 enuntiat
1124 3664 1190 3709 sunt
1204 3655 1335 3711 notanda.

253 3745 357 3800 Christi
374 3745 535 3817 religionem
553 3743 704 3816 Cyprianus
724 3743 807 3800 hebet
825 3754 963 3815 tamquam
981 3745 1106 3800 divinum
1128 3744 1289 3800 institutum
1306 3761 1361 3816 quo

218 3836 344 3891 homines
358 3834 427 3905 lapsi
439 3834 473 3889 ad
487 3834 574 3889 Deum
588 3834 622 3888 ab
635 3833 695 3904 ipso
707 3833 760 3888 [leo
775 3835 941 3890 reducentur
952 3843 1034 3903 atque
1054 3833 1091 3887 ita
1103 3849 1166 3888 cum
1185 3849 1236 3889 suo
1249 3844 1362 3891 auctore

217 3927 373 3982 arctissimo
386 3925 504 3997 quodam
516 3925 627 3981 vinculo
640 3925 853 3998 conjungantur.
871 3926 912 3981 hd
930 3926 1005 3981 hunc
1021 3941 1135 3995 scopum
1151 3925 1359 3995 assequendum

218 4017 339 4072 Verbum
355 4031 465 4070 caruem
482 4014 587 4080 induit,
600 4024 683 4085 atque
701 4015 730 4068 in
748 4014 831 4069 terris
847 4023 1040 4068 conversatum
1057 4013 1208 4068 Ecclesiam
1221 4013 1360 4078 condidit,

219 4122 280 4177 quae
296 4106 386 4178 ipsius
400 4121 545 4177 personam
558 4105 631 4160 inter
644 4105 772 4161 hoxnines
789 4106 817 4158 in
835 4114 999 4176 perpetuum
1015 4113 1136 4176 gereret,
1151 4113 1179 4158 et
1194 4118 1312 4173 quacum
1326 4104 1360 4159 ad

220 4198 293 4252 hunc
313 4196 424 4252 modum
445 4197 505 4268 ipse
523 4212 633 4267 semper
652 4195 840 4267 colligaretur,
856 4194 946 4265 utqui
968 4193 1097 4249 Ecclesiae
1117 4192 1206 4258 silius,
1220 4192 1244 4248 is
1258 4192 1360 4263 pariter

220 4297 249 4344 et
267 4287 369 4346 Christi
381 4286 466 4352 soret,
487 4287 610 4357 adeoque
629 4296 657 4342 et
679 4285 768 4358 ipsius
789 4285 847 4341 liei.
872 4283 1108 4351 Quemadmodum
1129 4283 1213 4357 igitur
1234 4283 1307 4356 apud
1331 4281 1359 4338 S.
