3150 5160
215 343 255 401 70
296 357 334 399 ue
356 355 395 400 ns
416 355 561 405 nannenus
582 355 635 410 qur
656 353 729 398 rosr
751 355 840 397 avan
862 351 1069 399 nrosromcnn
1090 353 1256 399 uaesanae.

211 512 297 559 tatem
319 502 423 559 tribnat
447 541 528 557 .....
552 507 641 555 tamen
663 506 693 555 ut
715 502 849 554 unitatem
870 502 1073 569 manifestaret,
1098 502 1218 556 unitatis
1241 501 1360 571 ejusdcm

210 595 346 664 oripinem
362 594 395 647 ah
414 608 469 647 uno
486 593 660 660 incipientem
678 607 730 645 sua
748 593 911 646 anctoritate
929 592 1073 660 disposuit.
1094 590 1152 646 Hoc
1169 601 1249 646 erant
1266 591 1361 662 utique

212 691 240 738 et
256 683 348 738 aeteri
362 681 485 752 Apostoli
503 681 576 753 quod
594 679 645 736 luit
661 689 689 735 et
707 682 824 746 PetruS,
842 680 901 752 pari
920 681 1059 738 consortio
1077 681 1185 752 praeiri
1202 690 1230 736 ιι
1247 680 1362 739 honoris

211 781 240 828 ιι
263 772 424 843 potestatis,
445 770 494 827 sed
514 771 658 826 exordium
677 770 712 825 ab
732 771 839 826 unitate
859 770 1059 842 proficiscitur,
1078 779 1105 826 et
1119 772 1259 841 primatus
1281 773 1361 829 Petro

211 863 297 915 datur
309 869 340 916 ut
354 878 412 916 una
426 859 531 915 Christi
544 860 663 915 Ecclesia
675 865 699 913 et
712 861 841 915 cathedra
853 876 911 915 nera
926 867 1132 916 mansionen...
1149 845 1225 918 lianc
1236 862 1361 919 Ecclesia

212 951 347 1005 unitatem
364 952 413 1020 qui
431 967 487 1004 non
507 957 589 1015 tenet,
607 957 695 1005 tenere
711 966 738 1004 sc
755 953 835 1019 fidem
852 953 959 1006 credit?
970 949 1024 1016 Qui
1043 953 1168 1007 Ecclesia
1182 953 1319 1009 renititur
1336 962 1361 1010 el

211 1042 329 1108 resistit,
342 1043 391 1112 qui
402 1043 558 1097 cathedram
575 1043 665 1107 Petri,
678 1060 761 1114 super
772 1059 851 1115 quem
860 1044 978 1111 [undula
994 1049 1032 1097 est
1050 1042 1184 1107 Ecclesia,
1199 1043 1312 1108 deserit,
1330 1046 1361 1099 in

212 1132 331 1186 Ecclesia
344 1150 371 1187 se
384 1150 437 1187 esse
451 1134 563 1201 confidit
581 1130 608 1205 (l
618 1128 647 1203 l?
657 1152 672 1184 n

251 1224 314 1279 llaec
331 1223 453 1295 proiecto
470 1223 616 1294 perspicua
633 1232 718 1279 sunt:
734 1223 782 1293 qui
797 1222 927 1279 Ecclesiae
943 1223 1077 1279 unitatem
1097 1239 1152 1280 non
1170 1232 1260 1288 tenet,
1278 1221 1361 1278 fidem

212 1328 306 1368 veram
320 1314 422 1370 habere
435 1314 545 1384 neqnit;
560 1323 588 1369 et
601 1329 682 1385 porro
697 1313 827 1368 Ecclesia
840 1313 976 1368 unitatem
989 1323 1084 1368 tenere
1097 1322 1182 1384 atque
1195 1313 1224 1368 iu
1236 1313 1360 1369 Ecclesia

213 1418 276 1458 esse
293 1418 349 1458 non
361 1413 469 1473 potest,
483 1403 530 1475 qui
547 1405 705 1460 cathedram
725 1403 799 1459 Petri
812 1403 925 1460 deserit.
944 1406 1076 1460 Romanae
1092 1420 1156 1478 ergo
1173 1403 1251 1460 sedis
1266 1405 1361 1459 cathe-

214 1493 279 1557 dra,
291 1508 326 1548 eu
341 1493 451 1549 tandem
464 1495 590 1550 veritatis
604 1495 749 1559 criterion,
764 1509 798 1549 cn
813 1511 883 1551 verae
896 1493 959 1550 fidei
975 1495 1045 1565 lapis
1059 1495 1162 1567 lydius.

251 1581 318 1650 Qnae
336 1600 422 1654 quum
444 1585 482 1640 ita
505 1585 577 1652 sint,
601 1585 677 1642 omni
700 1601 767 1641 sane
789 1586 882 1642 studio
904 1584 1020 1641 fovenda
1045 1594 1088 1640 est
1104 1585 1235 1641 Ecclesia
1254 1584 1359 1650 unitas;

214 1673 287 1744 quod
309 1672 420 1744 quidem
443 1690 545 1731 munus
568 1676 602 1731 ad
622 1675 768 1746 episcopos
792 1675 968 1747 potissimum
990 1684 1114 1747 spectat,
1136 1683 1166 1730 ut
1188 1675 1247 1742 sie,
1271 1675 1362 1745 inquit

215 1773 328 1820 sanctus
346 1773 463 1837 clamys,
479 1785 493 1817 a
504 1767 688 1835 episcopatum
701 1782 805 1836 quoque
821 1770 913 1836 ipsum
929 1782 1016 1820 unum
1033 1773 1113 1837 alque
1128 1766 1281 1822 indivisum
1297 1783 1362 1837 pro·

215 1857 290 1912 hent.
303 1875 317 1908 n
333 1857 421 1913 Unam
437 1857 542 1913 Christi
556 1858 706 1913 Ecclesiam
720 1874 783 1913 cum
802 1859 861 1914 sole
881 1867 1037 1928 comparat,
1051 1859 1132 1929 cnjus
1151 1858 1233 1912 multi
1250 1857 1363 1928 quidem

215 1947 298 2008 radii,
313 1955 341 2002 at
359 1947 451 2002 lumen
469 1964 571 2014 uuum,
588 1964 651 2003 cum
666 1949 777 2014 arbore,
794 1950 875 2020 cujus
894 1949 973 2004 multi
990 1948 1073 2011 rami,
1088 1949 1136 2004 sed
1153 1948 1239 2004 robur
1259 1964 1363 2014 nnnm;

215 2047 242 2091 et
255 2052 318 2092 cum
337 2052 392 2092 nno
409 2035 483 2093 lente
501 2054 535 2094 ex
551 2055 606 2110 qno
623 2037 734 2110 plurimi
752 2038 803 2094 rivi
821 2037 967 2092 defluunt:
984 2035 1119 2102 «Avelle,
1134 2036 1241 2106 inquit,
1255 2038 1364 2093 radium

215 2125 284 2182 solis
305 2142 320 2181 a
343 2141 476 2198 corpore,
499 2128 666 2184 divisionem
688 2128 758 2184 lucis
781 2128 873 2184 unitas
897 2143 950 2183 nou
974 2129 1056 2198 capit.
1085 2127 1125 2182 hh
1148 2127 1247 2183 arbore
1271 2128 1365 2200 frange

216 2231 337 2282 ramum,
351 2215 457 2273 lructus
474 2218 630 2290 germinare
646 2235 700 2274 non
718 2218 828 2290 polerit.
844 2219 865 2274 h
880 2217 955 2274 iente
972 2217 1090 2288 praecide
1108 2218 1214 2282 rivum,
1228 2218 1364 2289 praecisus

217 2306 328 2361 arescit.
343 2305 389 2362 Sic
404 2317 432 2362 cl
443 2307 565 2364 Ecclesia
580 2309 688 2365 Domini
703 2310 764 2365 luce
781 2308 892 2380 perlusa
909 2323 958 2378 per
971 2308 1066 2362 orbem
1085 2316 1172 2362 totum
1190 2307 1284 2364 radios
1298 2324 1364 2363 snos

218 2395 342 2469 porrigit.
363 2397 454 2453 Unum
478 2407 570 2453 tamen
589 2398 683 2454 lumen
703 2408 758 2464 est,
780 2399 852 2469 qnod
874 2397 978 2468 ubique
997 2396 1175 2463 diffunditur,
1198 2412 1250 2452 nec
1273 2398 1365 2454 unitas

216 2488 341 2558 corporis
364 2498 549 2559 separatur...
573 2489 664 2545 Unum
684 2530 710 2545 ..
737 2497 820 2560 eapm
842 2496 898 2552 est,
922 2496 950 2542 ιι
972 2487 1049 2559 origo
1068 2503 1137 2553 una,
1157 2495 1185 2542 et
1204 2503 1258 2542 nna
1278 2497 1367 2544 nrater

217 2577 406 2634 loecnnditatis
424 2579 600 2634 successibus
617 2580 737 2650 copiosa.
752 2579 830 2634 lilius
844 2577 911 2633 ioetu
926 2577 1080 2641 nascimur,
1098 2576 1175 2631 illins
1190 2576 1261 2632 lactc
1274 2577 1366 2632 nutri-

218 2685 295 2734 mur,
316 2668 417 2739 spiritn
430 2670 491 2739 eJus
508 2670 673 2725 animamur.
688 2690 702 2723 n
717 2702 753 2711 —
765 2670 808 2726 An
825 2679 918 2724 autem
934 2684 1056 2739 unquam
1072 2684 1088 2722 a
1103 2668 1219 2724 veritate
1236 2668 1367 2724 aberrare

218 2757 307 2828 possit
323 2757 465 2814 Ecclesia?
478 2759 592 2815 Minime
607 2775 688 2825 vero;
707 2775 808 2831 sponsa
827 2774 928 2828 nempe
943 2757 1047 2813 Christi
1067 2766 1124 2823 est,
1141 2765 1168 2811 et
1188 2756 1367 2829 integerrima

217 2848 344 2920 quidem,
365 2849 447 2905 [idem
466 2849 561 2905 fallere
580 2850 674 2905 nescia
695 2866 701 2905 :
726 2849 916 2905 «Adulteram
933 2864 988 2905 non
1008 2857 1101 2920 potest
1119 2862 1222 2918 sponsa
1242 2846 1366 2913 Cirristi3

219 2937 378 3007 incorrupta
397 2947 481 2993 estet
495 2937 604 3009 pudiea.
619 2940 707 2996 Unam
720 2939 832 2995 domum
847 2940 936 3005 novit,
953 2940 1037 2996 unlus
1051 2939 1172 2996 cubiculi
1188 2939 1366 2994 sanctitatem

220 3036 296 3082 casto
310 3027 416 3098 pudore
429 3030 551 3084 custodit
568 3028 650 3103 (hin

257 3114 310 3182 Qui
328 3116 413 3188 igitur
428 3118 463 3171 nh
485 3134 516 3173 ea
541 3118 672 3184 discedit,
693 3119 718 3174 is
739 3119 882 3176 aChristo
904 3135 1013 3191 quoqne
1034 3118 1139 3183 deficit,
1165 3133 1217 3174 nec
1244 3117 1366 3188 amplius

219 3206 348 3276 quopiam
367 3215 445 3277 pacto
466 3207 514 3262 Dei
530 3207 603 3264 filius
622 3209 758 3264 nominari
774 3219 879 3281 potest;
893 3211 1025 3266 adulterae
1037 3211 1112 3265 enim
1128 3210 1271 3283 jungitur,
1288 3219 1367 3265 extra

220 3295 268 3349 Dei
283 3295 414 3351 saeuitiam
428 3306 568 3364 versatur,
582 3297 705 3369 adeoque
718 3298 888 3355 christianus
901 3315 955 3355 non
970 3307 1027 3365 est,
1043 3299 1091 3354 sed
1111 3297 1246 3370 profanus
1262 3299 1364 3353 homo:

221 3405 235 3438 ιι
248 3384 381 3457 Quisquis
394 3387 428 3442 ab
442 3387 565 3443 Ecclesia
579 3397 739 3461 segregatus
750 3389 880 3444 adultera
886 3389 1031 3460 junpitur,
1044 3404 1059 3443 a
1073 3388 1220 3459 promissis
1235 3387 1367 3442 Ecclesiae

221 3489 374 3547 separatur.
382 3477 435 3532 Nec
446 3480 581 3548 perveniet
592 3479 629 3534 ad
639 3478 743 3534 Cleristi
751 3480 878 3549 prumia,
889 3478 936 3547 qui
946 3479 1076 3549 relinquit
1089 3477 1237 3532 Ecclesiam
1250 3475 1365 3533 Christi.

221 3567 332 3622 Alienus
345 3574 396 3634 est,
410 3570 544 3638 profanus
558 3577 611 3632 est,
626 3571 711 3623 hostis
723 3574 770 3623 est.
787 3568 892 3622 Habere
905 3567 968 3637 iant
983 3585 1039 3622 non
1050 3575 1135 3638 potest
1150 3568 1234 3621 ileum
1246 3573 1366 3637 patrem,

221 3659 269 3726 qui
282 3658 429 3713 Ecclesiam
441 3661 584 3715 nonhabet
596 3669 720 3715 matrem.
733 3677 748 3710 n
762 3658 895 3713 -Vides
908 3674 990 3729 qnam
1004 3658 1143 3713 indivulso
1156 3672 1227 3711 nenn
1243 3656 1367 3711 Ecclesia

222 3762 285 3800 essm
302 3746 413 3804 Christo
431 3759 458 3804 et
479 3751 533 3806 heo
552 3750 590 3806 sit
609 3748 774 3821 conjuncta?
792 3748 845 3816 Qui
866 3764 930 3823 ergo
948 3749 982 3803 ah
996 3748 1117 3805 Ecclesia
1132 3747 1261 3813 recessit,
1279 3763 1295 3802 a
1311 3748 1369 3804 Deo

223 3835 330 3892 alienus
348 3848 404 3903 est,
422 3840 539 3895 salutem
557 3840 690 3910 consequi
709 3855 762 3894 non
781 3847 892 3911 potest:
909 3857 922 3891 ιι
938 3837 967 3893 Si
982 3838 1070 3909 potuit
1089 3836 1204 3893 evadere
1219 3837 1368 3908 quisquam

223 3927 269 3997 qni
284 3938 361 3984 entra
374 3945 466 3986 arcam
480 3931 538 3988 Noi
551 3930 621 3997 luit,
635 3930 722 4002 etqui
736 3939 813 3986 entra
825 3929 976 3986 Ecclesiam
990 3928 1057 3985 loris
1071 3927 1154 3986 luerit
1170 3928 1261 3984 evadit
1277 3926 1338 4001 (5).
1353 3947 1368 3979 n

255 4089 301 4151 (ιι
315 4092 376 4142 roto.
392 4109 417 4159 p.
431 4097 486 4144 ras.

254 4173 298 4237 (ι)
312 4174 374 4224 rou.
388 4191 414 4242 p.
428 4181 484 4226 ιιι.

258 4254 300 4325 (5)
315 4257 375 4308 thid.
388 4274 413 4325 p.
430 4263 485 4310 195.
