3150 5160
327 350 445 394 scetus.
468 350 588 392 nxrunx
609 351 647 394 xc
668 349 761 394 nonus
782 351 956 395 PRAEClPUAE.
1147 338 1206 397 itt

58 507 138 555 arcte
150 497 290 554 cohaerere
303 506 433 567 putamus
449 496 511 567 ejus
523 496 761 564 infallibilitatem
776 507 803 554 et
814 508 960 571 propterea
975 499 1029 554 duo
1043 498 1102 554 haee
1115 500 1210 570 sejun-

56 588 150 664 genda
164 587 245 644 nobis
265 602 321 642 non
335 587 474 643 videntur.
492 587 638 643 Enimvero
656 603 741 658 quum
754 589 789 644 dc
806 590 937 646 Ecclesiae
951 590 1054 646 Christi
1071 592 1211 662 perpetui-

56 687 120 734 tate
140 693 298 734 sermonem
322 677 509 744 instituimus,
533 679 629 750 procul
647 678 732 735 dubio
755 690 847 736 notam
865 681 937 736 hanc
956 682 994 737 ita
1013 682 1209 755 intelligimus,

57 779 93 825 ut
110 770 147 826 sit
164 768 335 841 perpetuitas
352 768 491 834 ueritatis,
508 783 558 823 seu
576 777 605 823 ut
618 784 727 840 semper
740 770 841 825 existat
853 786 983 842 germana
1000 771 1104 827 Christi
1121 773 1211 846 imago

55 875 94 915 ae
114 859 232 924 vicaria,
257 866 331 913 certa
354 866 381 912 ει
403 857 580 931 integerrima
603 859 747 913 hominum
769 860 912 933 magistra;
941 860 1055 931 proinde
1076 869 1106 916 ut
1131 863 1211 918 nullo

56 965 185 1022 unquam
209 949 341 1020 temporis
363 957 501 1004 momento
518 964 534 1003 a
552 964 618 1005 vcro
641 951 749 1018 deficere
770 951 871 1022 possit;
893 951 946 1023 ipsi
968 952 1041 1007 eninr
1061 968 1077 1007 a
1095 953 1212 1010 veritate

56 1040 218 1097 desciscere
238 1053 320 1111 posse
339 1039 412 1094 idem
432 1051 474 1094 est
494 1055 526 1095 ac
548 1039 582 1095 ah
604 1056 657 1093 case
673 1041 795 1109 deficere·
820 1041 890 1096 etsi
910 1042 1019 1112 quando
1041 1042 1069 1097 in
1089 1058 1211 1100 errorem

58 1131 266 1203 prolaberetur,
289 1130 341 1184 hoe
356 1130 417 1200 ipso
436 1129 541 1186 Christi
558 1130 681 1185 Ecclesia
700 1146 762 1186 esse
779 1131 929 1186 desineret.
949 1132 1121 1204 Quapropter
1133 1136 1211 1189 indc-

57 1221 221 1288 fcctihilitcs
232 1219 363 1276 Ecclesiae
373 1235 460 1274 uuum
470 1219 599 1291 idemque
609 1220 688 1276 nobis
702 1220 811 1276 videtur
820 1237 882 1276 cum
898 1222 987 1293 ipsius
999 1221 1209 1290 infallibilitate,

60 1323 96 1364 eo
119 1309 219 1364 saltem
243 1325 327 1365 sensu
349 1318 380 1364 ut
405 1309 453 1362 illa
478 1317 568 1363 stante
590 1309 649 1364 haec
674 1317 773 1380 sponte
795 1322 989 1382 consequatur.
1016 1314 1090 1369 Bene
1117 1324 1211 1370 tamen

58 1407 194 1470 perpetuo
215 1399 250 1455 ob
269 1400 365 1455 oculos
385 1398 541 1453 habendum
561 1405 604 1453 est
624 1398 652 1454 id
672 1400 744 1471 quod
761 1401 819 1473 jam
840 1402 946 1472 pluries
963 1403 1138 1470 monuimuS,
1158 1420 1210 1460 nos

59 1491 89 1545 iu
107 1489 238 1546 Ecclesiae
253 1489 346 1545 indole
366 1488 534 1544 enucleanda
552 1503 607 1543 non
630 1490 742 1545 omnino
759 1507 778 1544 ε
794 1493 899 1560 priori,
921 1502 948 1547 et
965 1507 980 1545 a
1002 1492 1082 1548 factis
1105 1494 1208 1564 quibus

60 1579 107 1634 illa
122 1580 279 1635 declaratur
296 1578 494 1645 abstrahendo,
518 1578 690 1646 ratiocinari,
711 1581 760 1636 sed
779 1590 873 1636 contra
890 1597 905 1635 a
922 1580 1002 1637 factis
1022 1583 1160 1654 proficisci
1184 1593 1212 1639 et

59 1668 214 1725 Ecclesiam
247 1685 357 1727 sumere
381 1675 463 1740 prout
487 1682 520 1722 ea
546 1683 643 1739 reapse
664 1685 680 1723 a
701 1669 812 1726 Christo
836 1671 963 1728 instituta
986 1673 1119 1738 cernitur,
1142 1672 1211 1728 illud

59 1770 153 1816 autem
184 1761 357 1833 argumentis
382 1775 398 1813 a
427 1759 535 1813 ratione
557 1759 648 1814 ductis
673 1759 836 1816 confirmare
861 1770 889 1816 et
914 1762 1059 1831 explicare.
1090 1761 1156 1829 Quae
1185 1762 1209 1817 si

60 1858 155 1905 mente
175 1858 335 1913 tencantur,
360 1857 456 1903 mutua
480 1848 527 1902 illa
549 1847 795 1905 indefectibilitatis
815 1859 843 1906 et
865 1850 1069 1906 infallibilitatis
1081 1850 1211 1908 Ecclesiae

60 1940 236 1996 necessitudo
259 1938 405 1995 manifesta
430 1938 559 2009 cuiquam
578 1938 729 2011 apparebit.

96 2031 132 2087 At
150 2046 216 2086 nero
235 2030 361 2101 quaedam
376 2029 520 2100 speciatim
534 2029 653 2085 notanda
671 2030 786 2084 veniunt
798 2029 870 2085 cirea
884 2029 1117 2087 infallibilitatem.
1129 2030 1210 2087 Omni

61 2136 118 2176 aevo
135 2136 303 2194 persuasum
324 2119 422 2175 hahuit
440 2118 564 2174 Ecclesia
580 2119 639 2174 lieri
659 2135 713 2175 non
734 2135 816 2192 posse
829 2130 859 2176 ut
876 2137 892 2175 a
909 2138 974 2177 vero
986 2121 1088 2178 Christi
1103 2123 1209 2178 revela-

63 2212 146 2268 tionis
168 2212 313 2267 intellectu
330 2209 390 2281 ipsa
403 2210 558 2274 aberraret,
578 2218 778 2282 proptereaque
797 2211 930 2267 errorisa
946 2213 1039 2282 priori
1056 2214 1211 2286 arguendos

63 2318 110 2360 cos
128 2318 226 2359 omnes
245 2301 293 2372 qui
310 2301 364 2373 ipsi
390 2317 445 2357 non
462 2301 666 2368 consentirent;
686 2301 766 2366 hinc,
784 2310 815 2356 ut
833 2302 969 2368 vidimus,
983 2303 1081 2359 Patres
1098 2307 1156 2359 aine
1167 2322 1210 2360 re-

63 2398 183 2449 tractatc
210 2393 341 2447 doctrine
373 2393 517 2449 haereticos
547 2391 677 2447 refellunt
707 2392 904 2464 damnantque,
932 2392 1006 2462 quod
1040 2392 1147 2449 alienas
1175 2394 1210 2448 ab

64 2484 187 2540 Ecclesia
204 2484 358 2541 sententias
378 2483 496 2541 foveant.
519 2484 552 2539 Et
565 2499 630 2539 vero
649 2483 778 2554 quoniam
796 2483 918 2538 Ecclesia
935 2481 1039 2536 Christi
1056 2483 1132 2539 vices
1145 2499 1210 2553 sup·

63 2578 121 2649 plet
140 2576 285 2646 ipsiusque
304 2575 390 2630 veluti
412 2591 545 2648 organum
570 2574 700 2639 babetur,
726 2573 830 2629 Christi
851 2571 1075 2627 infallibilitatem
1094 2572 1128 2625 ab
1148 2572 1209 2642 ipso

63 2675 207 2723 mutuetur
223 2680 337 2720 neeesse
353 2673 406 2720 εει.
424 2665 573 2731 Quoniam,
589 2673 619 2718 ut
632 2664 764 2735 praeclare
781 2664 871 2719 aiebat
889 2662 916 2718 S.
933 2663 1066 2729 lrenaeus,
1086 2663 1209 2718 Ecclesia

61 2766 107 2813 est
133 2770 164 2811 os
183 2752 299 2815 Christi,
328 2752 388 2807 fieri
410 2753 507 2825 nequit
530 2762 559 2808 ut
581 2754 731 2824 quidquam
753 2752 814 2808 falsi
837 2764 885 2807 aut
913 2752 1006 2807 minus
1030 2753 1098 2808 recti
1120 2754 1154 2809 ab
1177 2770 1209 2810 ea

61 2845 201 2910 tradatur;
223 2842 247 2898 si
267 2841 330 2914 quis
350 2857 428 2898 error
446 2858 480 2896 ex
502 2858 534 2897 en
553 2851 690 2908 manaret,
710 2842 744 2897 ad
763 2842 905 2898 Christum
928 2843 1104 2899 redundaret.
1120 2844 1209 2917 Supra

62 2934 187 2992 diximus
201 2933 248 3003 qul
262 2931 355 2988 divina
369 2932 454 2988 simul
467 2943 495 2988 et
508 2933 628 2988 humana
642 2933 679 2988 sit
698 2932 837 2999 Ecclesia;
856 2932 917 2988 ideo
932 2942 1024 2989 autem
1040 2932 1098 2989 falli
1112 2937 1209 3007 nequit

63 3023 129 3096 quia
143 3022 235 3077 divina
249 3030 301 3077 cst.
317 3022 450 3079 homiues
464 3040 513 3095 per
529 3038 560 3080 sc
572 3023 659 3079 errori
675 3023 786 3079 obnoxii
806 3032 885 3090 sunt;
906 3024 955 3078 sed
974 3024 1105 3096 quoniam
1119 3026 1209 3082 homi-

63 3129 114 3170 nes
136 3112 238 3184 quibus
258 3122 367 3169 constat
384 3114 507 3170 Ecclesia
526 3131 699 3186 nequaquam
717 3125 747 3171 ut
763 3115 833 3170 meri
850 3114 978 3170 homines
997 3115 1097 3172 docent
1116 3133 1148 3173 ac
1167 3119 1208 3175 lo-

63 3212 197 3277 quuntur,
210 3219 306 3259 verum
320 3212 352 3258 ut
361 3203 450 3275 ipsius
460 3205 541 3260 Verbi
556 3206 691 3261 incarnati
701 3221 834 3279 organum
847 3214 930 3276 atque
939 3220 984 3271 os,
999 3205 1061 3262 ideo
1073 3207 1208 3280 cujusque
1238 3251 1241 3257 .

63 3295 167 3352 erroris
180 3296 262 3366 plane
274 3304 402 3365 expertes
415 3304 548 3367 apparent
562 3293 615 3369 (l).

101 3387 186 3442 Porro
212 3386 235 3443 si
255 3388 352 3457 dogma
377 3386 447 3442 illud
470 3385 678 3442 infallibilitatis
703 3388 833 3457 apriora'
863 3395 1016 3457 spectetur,
1037 3387 1123 3443 multa
1147 3388 1207 3458 ejus

64 3477 260 3534 necessitatem
272 3477 389 3533 suadere
404 3479 543 3534 videntur.
561 3476 633 3544 Quid
646 3474 747 3549 igitur?
762 3476 898 3542 Quoniam
911 3476 940 3531 id
952 3487 1010 3530 erat
1024 3474 1134 3532 Christo
1143 3493 1208 3549 pro·

62 3566 201 3640 positum,
216 3574 248 3621 ut
266 3581 298 3621 ea
308 3583 391 3637 quarn
407 3569 568 3626 bominibus
588 3566 719 3623 attulerat
735 3567 831 3640 religio
849 3567 878 3621 in
892 3576 1054 3638 perpetuum
1068 3578 1206 3634 maneret,

67 3657 124 3714 illis
146 3657 303 3713 traderetur
324 3658 490 3730 eosdemque
512 3660 552 3716 sic
583 3659 765 3726 instauraret,
785 3659 903 3715 condere
928 3657 1024 3713 debuit
1049 3657 1207 3714 institutum

94 3848 137 3913 (l)
155 3847 225 3896 llnne
240 3844 431 3898 infallibilitatis
453 3846 569 3897 Ecclesiae
590 3846 715 3897 rationem
734 3847 831 3914 optime
850 3844 955 3912 exponit
967 3844 1095 3894 lloehler:
1118 3847 1209 3897 «Sans

60 3929 151 3990 doute,
165 3927 264 3996 inquit,
278 3928 339 3979 c'est
355 3929 379 3980 le
391 3930 479 3990 divin,
492 3931 552 3982 c’est
564 3929 669 3997 l'Esprit
686 3929 720 3981 du
737 3931 823 3982 Christ
837 3929 883 3997 qui
899 3935 936 3979 est
951 3928 1101 3992 infaillible,
1113 3932 1159 3998 qui
1172 3942 1211 3984 cst

59 4011 87 4063 lu
98 4009 180 4064 verile'
192 4009 328 4071 eternelle3
342 4012 406 4063 mais
418 4013 537 4063 l'homme
549 4019 587 4062 est
603 4012 669 4063 aussi
682 4012 831 4073 infaillihle,
850 4012 970 4063 l'homme
982 4014 1049 4064 aussi
1066 4021 1104 4064 εει
1116 4012 1207 4074 ve'rite3

60 4110 104 4145 car
116 4093 149 4145 iei
168 4094 191 4145 lc
207 4092 278 4145 divin
290 4093 396 4146 n'cxiste
409 4096 482 4162 point
494 4109 561 4164 pour
572 4110 637 4145 nous
649 4110 706 4144 sans
721 4093 856 4146 l'humain.
871 4094 997 4145 Toutefois
1014 4094 1132 4145 l'homme
1146 4094 1211 4146 n’est

61 4193 107 4245 pas
119 4175 254 4226 infaillihle
265 4192 312 4244 par
321 4176 471 4240 lui-meme3
483 4178 501 4227 il
519 4177 574 4227 l'est
590 4177 731 4228 seulement
744 4192 842 4228 comme
853 4192 960 4244 organo,
972 4192 1069 4228 comme
1077 4191 1167 4242 moyen
1178 4174 1210 4225 de

61 4256 251 4311 manifestation
263 4258 293 4311 de
304 4259 329 4314 la
341 4259 429 4314 terite'.
444 4279 458 4312 n
469 4261 579 4330 sonitui.
591 4259 637 4311 Ch.
648 4261 677 4322 V,
689 4259 704 4327 ἓ
716 4263 762 4322 36,
775 4268 835 4315 tom.
849 4261 883 4325 ll,
896 4276 924 4328 p.
937 4264 961 4312 5.

1021 4370 1060 4426 25
