3150 5160
336 347 396 406 tlt
664 362 888 407 unrununrsuus
910 364 948 405 nr
969 365 1146 409 urrursuos.

332 509 509 579 interpretari
524 517 638 564 conatus
651 508 741 565 luerat
755 507 812 584 (l).
827 510 885 564 lmo
901 509 997 564 eadem
1014 509 1149 581 principia
1163 510 1198 566 ad
1211 513 1343 568 nonnulla
1358 514 1484 572 historia*

331 600 528 672 Apostolorum
547 599 617 654 sacta
642 599 751 670 quaein
774 613 844 656 novo
864 599 1041 654 Testamenta
1064 609 1212 656 narrantur
1234 605 1430 671 transtulerat,
1451 615 1484 662 ut

333 692 367 749 ad
384 692 550 747 miraculum
568 692 746 747 Pentecosles
765 688 826 763 (h),
849 692 1056 748 couversionem
1080 692 1108 749 S.
1126 693 1204 749 Pauli
1223 692 1266 767 (5)
1287 705 1315 750 et
1331 695 1485 766 apparitio-

334 799 385 839 nes
407 783 567 856 angelorum
593 780 650 855 (l).
675 781 731 838 Alii
756 798 866 854 quoque
892 792 1020 839 auctores
1039 783 1219 839 Naturalismi
1246 784 1353 857 legibus
1381 786 1485 856 partim

257 881 259 885 â€™
333 873 431 928 saltem
451 888 552 927 novum
572 873 778 928 Testamentum
805 873 981 943 subjecerant
1002 872 1059 946 (5).
1080 874 1200 930 atvero
1220 875 1388 930 haecomnia
1406 891 1485 931 com-

333 963 433 1034 plexus
454 971 497 1018 est
519 971 547 1018 ct
566 963 663 1034 majori
683 963 775 1019 studio
799 963 949 1019 illustravit
968 980 1000 1018 ac
1021 965 1123 1020 evolvit
1145 965 1261 1030 Paulus,
1287 976 1370 1037 atquc
1390 967 1485 1023 dedita

334 1067 417 1122 opera
437 1052 652 1108 Naturalismum
668 1054 701 1108 ad
722 1070 824 1109 norum
842 1054 1051 1110 Testamentum
1070 1056 1277 1112 accommodare
1298 1057 1429 1120 tentavit,
1450 1073 1484 1113 eo

334 1143 447 1214 quidem
464 1159 594 1199 successu
613 1153 643 1199 ut
658 1144 707 1199 diu
723 1144 751 1199 in
765 1144 910 1200 Germania
927 1145 982 1200 dux
1000 1153 1027 1200 et
1040 1146 1169 1217 prinecps
1187 1147 1379 1219 theologorum
1399 1146 1486 1203 luerit

336 1234 457 1290 habitus.
478 1235 548 1290 llinc
565 1250 620 1290 uon
641 1235 780 1290 immerito
797 1235 976 1290 Naturalismi
993 1235 1088 1291 biblici
1106 1245 1248 1307 parentem
1268 1236 1350 1291 illum
1366 1236 1482 1292 dixeris.

335 1325 430 1396 lpsum
447 1325 531 1398 igitur
545 1325 601 1396 jam
618 1325 773 1381 audiamus.

372 1416 476 1472 Paulus
489 1416 543 1472 duo
558 1416 696 1488 praecipue
712 1415 799 1471 edidit
817 1431 914 1486 opera,
929 1417 1031 1487 quibus
1044 1416 1261 1472 Naturalismum
1275 1416 1389 1488 exponit
1400 1425 1484 1487 atque

336 1506 367 1562 in
386 1523 468 1562 usum
485 1507 611 1572 adducit,
628 1506 861 1564 commentorium
886 1509 917 1561 ia
934 1507 1087 1576 Evangelio
1106 1516 1134 1563 et
1147 1507 1250 1562 librum
1268 1507 1303 1562 de
1320 1506 1380 1561 Vita
1395 1505 1483 1560 deso.-

336 1595 414 1666 prius
434 1613 503 1668 opus
521 1599 550 1655 in
567 1598 656 1655 lucem
673 1600 790 1671 prodere
802 1599 888 1670 erepit
900 1613 972 1654 anno
989 1597 1068 1653 1800.
1087 1596 1148 1665 Quo
1164 1607 1258 1653 autem
1276 1598 1381 1653 rectius
1401 1595 1484 1651 intel-

336 1686 458 1759 ligantur
476 1689 558 1744 istius
578 1689 734 1762 systematis
754 1689 824 1744 ratio
844 1698 872 1744 et
893 1689 950 1754 via,
969 1689 1040 1744 bene
1061 1704 1171 1760 semper
1187 1688 1222 1744 ob
1242 1689 1337 1744 oculos
1357 1687 1483 1744 habenda

336 1784 380 1832 est
392 1776 437 1832 lex
447 1778 493 1833 illa
507 1794 589 1849 quam
603 1780 710 1835 Semler
726 1779 886 1844 constituit,
904 1794 1020 1851 quaeque
1033 1795 1095 1835 cum
1110 1779 1331 1850 protestantismi
1342 1778 1483 1850 principio

337 1867 461 1938 apprime
479 1870 614 1934 cohaeret,
634 1870 790 1941 Scripturas
811 1870 938 1942 theologo
957 1867 1099 1924 adeundas
1117 1883 1180 1925 esse
1197 1884 1229 1923 ea
1247 1868 1333 1923 animi
1355 1869 1483 1924 libertate

336 1975 391 2029 qua
416 1959 518 2016 librum
540 1962 692 2031 quemlibet
716 1959 861 2032 profanum
887 1959 1089 2031 explanandum
1115 1959 1261 2031 acciperet.
1288 1959 1392 2016 Paulus
1417 1973 1481 2031 ergo

336 2047 484 2122 Evangelia
497 2051 600 2122 aperit,
614 2051 729 2121 perinde
741 2066 773 2105 ac
787 2051 811 2106 si
824 2049 916 2106 Ovidii
933 2050 1170 2121 metamorphoses
1183 2066 1239 2122 prae
1257 2049 1385 2104 manibus
1397 2049 1482 2103 habe-

338 2147 394 2205 ret,
405 2148 482 2195 ratus
496 2141 566 2196 nihil
579 2142 688 2213 probari
705 2158 786 2213 posse
801 2141 873 2214 quod
884 2150 961 2197 extra
974 2150 1080 2196 naturae
1093 2140 1218 2196 ordinem
1230 2141 1370 2206 videatur3
1384 2140 1408 2196 si
1422 2156 1483 2210 quae

337 2237 431 2284 autem
449 2231 585 2302 ejusmodi
605 2243 761 2301 occurrant,
776 2250 807 2289 ea
825 2232 985 2304 explicanda
1003 2248 1066 2288 esse
1083 2248 1117 2288 ex
1134 2233 1238 2305 regulis
1252 2247 1321 2304 quas
1338 2231 1483 2302 sequimur

338 2318 388 2374 ubi
409 2320 473 2375 talia
492 2323 563 2393 apud
585 2323 713 2395 profanos
732 2334 862 2380 auctores
882 2323 1056 2379 offendimus.

377 2408 505 2468 Christus
522 2414 667 2479 Dominus,
683 2416 744 2487 ipso
756 2415 865 2486 judice,
879 2415 976 2469 aeterni
994 2413 1085 2468 Patris
1102 2420 1224 2467 aeternus
1240 2411 1345 2478 Filius,
1360 2412 1435 2468 Deus
1449 2412 1484 2467 de

340 2498 396 2556 Deo
410 2503 554 2572 praedicari
564 2521 631 2561 sane
644 2506 752 2578 nequit,
765 2506 814 2562 sed
827 2515 919 2560 tamen
933 2504 976 2559 vir
988 2503 1099 2576 ingenio
1112 2519 1144 2558 ac
1155 2504 1258 2559 virtute
1269 2518 1349 2573 quam
1366 2504 1484 2558 maxime

340 2591 508 2662 conspicuus
526 2595 687 2653 salutandus
705 2606 762 2663 est,
777 2605 805 2652 et
821 2596 849 2651 in
866 2595 1160 2667 praestantissimorum
1177 2594 1422 2665 philosophorum,
1436 2593 1483 2665 qui

340 2680 374 2736 de
392 2683 513 2740 humano
529 2701 630 2758 genere
642 2689 746 2759 optime
764 2695 829 2742 sunt
847 2686 953 2751 meriti,
970 2687 1092 2759 catalogo
1109 2685 1274 2741 censendus.
1289 2685 1378 2740 Fuere
1395 2684 1484 2740 homi-

340 2787 402 2836 nes,
417 2772 520 2830 Christi
539 2776 684 2848 discipuli,
699 2793 768 2848 quos
785 2777 968 2850 evangelistas
985 2777 1067 2850 vulgo
1088 2777 1277 2841 nominamus,
1292 2777 1339 2847 qui
1360 2777 1483 2850 magistri

340 2872 418 2937 gesta
436 2866 539 2936 scripto
559 2869 675 2938 prodere
696 2868 877 2935 studuerunt,
897 2884 983 2939 eaque
1003 2868 1040 2922 ita
1061 2877 1229 2923 exornarunt
1247 2876 1277 2922 ut
1296 2867 1383 2922 multa
1403 2867 1484 2921 mira-

341 2955 436 3010 culosa
457 2966 540 3028 atque
561 2975 576 3013 a
601 2967 733 3014 consueta
755 2973 849 3013 rerum
871 2960 944 3014 serie
967 2973 1081 3029 prorsus
1103 2958 1280 3014 abhorrentia
1304 2965 1480 3028 appareant:

342 3045 516 3103 involucrum
535 3049 603 3104 illud
620 3056 813 3120 portentosum
828 3048 901 3119 quod
918 3049 946 3103 in
963 3047 1120 3119 Evangeliis
1133 3049 1274 3104 cernimus
1290 3047 1385 3118 procul
1400 3046 1482 3102 dubio

342 3135 471 3194 lietitium
492 3148 549 3203 est,
566 3139 614 3194 sed
633 3155 687 3195 non
707 3138 811 3194 ideirco
832 3140 892 3210 ipsa
910 3155 970 3209 quae
986 3149 1167 3195 recensentur
1185 3139 1255 3195 lacta
1274 3138 1391 3193 inficiari
1409 3137 1483 3191 licet.

343 3225 415 3294 Quid
436 3227 519 3302 ergol
532 3228 587 3282 Cur
604 3244 664 3283 rem
683 3236 839 3283 enarratam
857 3244 951 3284 veram
970 3230 1126 3296 arbitraris,
1144 3230 1168 3286 si
1185 3228 1307 3285 indolem
1323 3243 1405 3299 quam
1422 3242 1485 3281 nar-

342 3321 413 3375 ratio
431 3335 488 3390 prae
508 3333 538 3374 se
557 3318 610 3374 lert
629 3318 868 3389 supernaturalem
889 3318 1041 3391 negandam
1063 3316 1162 3391 putas?
1181 3317 1240 3385 Qua
1259 3318 1365 3374 ratione
1383 3315 1485 3372 laetum

342 3409 377 3464 ab
395 3408 534 3480 adjunctis
547 3424 608 3479 quae
627 3408 698 3464 illud
717 3409 885 3465 comitantur
901 3409 1101 3466 secernendum
1120 3407 1280 3466 existimas?
1296 3411 1360 3465 Haec
1372 3423 1483 3480 nempe,

341 3499 444 3569 quibus
465 3508 576 3572 regatur
596 3501 756 3574 theologus,
773 3502 876 3558 Paulus
898 3501 995 3573 pandit
1011 3500 1148 3572 principia
1167 3500 1196 3555 iu
1215 3501 1419 3558 introductione
1435 3497 1480 3574 (6)

342 3587 548 3646 Commentarii.

372 3743 421 3807 (l)
432 3743 469 3793 Cf.
481 3746 624 3814 llinleitunp
634 3752 721 3801 indas
730 3754 761 3800 Î”.
774 3752 813 3807 Î¤..
825 3755 851 3798 et
861 3747 967 3810 hilpert.
981 3747 1097 3797 biblioth.
1111 3745 1153 3797 bd.
1166 3747 1184 3796 l.

372 3824 416 3890 (2)
428 3828 522 3890 Aliqum
534 3831 665 3891 biblioth,
680 3831 722 3882 bd.
736 3832 759 3893 1,
772 3848 798 3898 p.
811 3833 853 3891 913
866 3829 901 3890 ll,
915 3833 976 3889 75Î‡st
991 3828 1037 3890 111,
1050 3833 1107 3881 225.

373 3910 417 3976 (3)
429 3910 491 3961 ibid.
505 3911 547 3962 bd.
559 3913 604 3973 vl,
618 3931 644 3982 p.
657 3919 681 3964 l.

372 3992 421 4058 (l)
435 3991 497 4043 thid.
510 3993 552 4044 bd.
566 3995 611 4056 lll,
624 4013 651 4064 pÎ‡
665 3999 724 4047 381.

372 4074 418 4141 (5)
431 4074 467 4124 of.
490 4075 555 4136 Eck,
571 4081 679 4129 Veraueh
695 4079 759 4128 iiber
776 4079 814 4127 die
832 4076 1094 4148 Wundergeaeltt'chten
1104 4078 1145 4127 des
1162 4080 1192 4128 N.
1208 4081 1250 4136 Tâ€ž
1264 4079 1338 4128 1795.
1351 4103 1385 4115 -
1398 4080 1486 4126 VentoÎ‡

336 4157 406 4217 rimi,
418 4159 461 4207 Die
476 4162 585 4210 Wunder
595 4163 637 4212 des
650 4163 681 4211 Î.
695 4164 721 4211 Î¤.
736 4162 764 4209 ia
775 4161 845 4211 ihrer
859 4159 962 4210 wahren
973 4160 1067 4209 descrit
1078 4159 1124 4224 sair
1136 4163 1220 4212 oeaehte
1233 4161 1484 4218 ditrictae-cerebrm,

338 4242 413 4291 1799.

372 4322 422 4389 (6)
434 4323 479 4376 Bd.
493 4325 518 4385 1,
533 4340 560 4391 p.
576 4328 607 4387 d,
621 4341 676 4392 sqq.
689 4325 727 4377 Cl.
740 4328 789 4377 Dor
801 4325 947 4391 exegetiaclre
953 4324 1092 4380 Hoadbaclr
1102 4326 1164 4377 iiber
1171 4328 1211 4377 die
1222 4327 1277 4378 drei
1284 4330 1365 4377 ersten
1376 4327 1486 4386 Eouope-
