3166 5168
341 352 367 395 s.
385 349 588 405 auousrmm,
603 348 797 395 urrronuusts
812 351 980 397 urtsuorus.
1195 343 1234 402 85

92 496 249 569 cujuspiam
263 494 406 569 religionis
419 495 629 551 insinuatorem.
641 494 710 550 Ecce
723 511 768 552 res
782 510 852 552 nova
865 506 932 553 esta
946 497 1026 558 nobis
1040 500 1236 573 negotiumque

91 596 264 659 susceptum.
288 586 432 654 Querendi
456 592 539 653 sunt,
560 587 655 654 eredo,
680 584 763 654 hujus
785 588 845 652 rei,
867 589 892 642 ai
914 588 972 642 nlla
996 595 1050 653 eat,
1072 591 1236 660 professores

91 677 260 751 (auctoritas
277 676 408 748 proinde,
422 690 604 746 quaecumque
626 676 737 732 tandem
755 675 804 732 illa
826 676 923 744 luerit,
938 677 1063 734 adeunda
1084 695 1116 736 ac
1134 696 1235 737 cousu-

91 766 202 841 lcuda).
216 770 271 824 Fac
288 783 339 823 nos
354 767 493 838 reperisse
505 766 575 822 alios
589 766 664 822 aliud
681 766 838 838 opinantes,
854 776 882 822 et
893 768 1054 824 diversitate
1071 771 1235 841 opinionum

90 858 125 915 ad
144 874 176 914 se
191 873 327 931 quemque
344 857 454 913 trahere
467 856 627 928 cupientem
640 856 689 912 sed
708 857 781 913 iuter
799 858 850 913 hos
869 858 1004 914 excellere
1021 858 1101 915 lamae
1121 860 1234 916 iuterim

91 951 252 1007 celebritate
264 949 411 1021 quosdam,
426 957 509 1019 atque
524 948 648 1003 omnium
661 964 733 1020 pene
745 949 924 1020 occupatione
943 950 1119 1021 populorum.
1138 951 1235 1007 Utrum

91 1043 142 1098 isti
153 1057 247 1098 ueram
261 1046 378 1103 teneant,
392 1055 494 1111 magne
506 1042 620 1112 qnoestio
634 1045 670 1094 est
684 1057 693 1093 :
708 1039 756 1095 sed
773 1054 865 1095 noune
883 1040 962 1111 prius
978 1051 1044 1097 suut
1057 1042 1232 1113 explorandi,

91 1139 124 1187 ut
147 1130 277 1203 quamdiu
295 1147 436 1198 erramus,
455 1131 594 1203 siquidem
612 1130 739 1187 homiues
760 1146 871 1198 sumus,
890 1146 954 1186 cum
978 1130 1038 1203 ipso
1055 1147 1156 1206 genere
1180 1135 1232 1190 hu-

92 1234 174 1276 mano
187 1235 280 1276 errare
291 1219 435 1275 videamur
448 1217 511 1293 (lli
522 1239 536 1272 n
551 1220 646 1291 ltaque
659 1220 729 1276 illud
743 1219 800 1290 jam
813 1220 942 1292 principii
959 1220 1018 1277 loco
1035 1223 1233 1280 assumendum

92 1310 205 1377 statuit,
220 1326 275 1365 uon
292 1309 480 1366 ratiocinando
496 1318 524 1366 et
539 1311 771 1382 argumentando,
787 1310 835 1367 sed
852 1312 926 1383 apud
944 1313 1087 1384 religionis
1104 1314 1234 1373 doctores

91 1415 125 1456 ac
146 1400 316 1473 professores
337 1399 513 1473 quaerendam
531 1400 693 1467 veritatcm;
717 1401 892 1472 prudentiam
913 1418 979 1459 uero
999 1403 1117 1459 suadere
1139 1412 1170 1459 ut
1191 1405 1233 1460 illi

91 1489 171 1562 prius
186 1489 333 1545 audiantur
348 1490 396 1560 qui
415 1489 513 1561 majori
532 1490 694 1546 auctoritate
708 1491 812 1562 pollere
829 1491 985 1548 videantur.
999 1492 1082 1564 Atqui
1102 1494 1234 1551 Ecclesiae

92 1580 234 1636 catholicae
259 1580 391 1652 majorem
416 1597 472 1652 prae
493 1580 622 1636 omnibus
642 1580 727 1637 sectis
752 1581 928 1637 tribuendam
951 1599 1013 1640 esse
1038 1585 1233 1641 auctoritatem

92 1670 214 1726 ostendit
235 1671 407 1745 Augustinus
427 1688 433 1726 :
454 1690 469 1724 o
486 1670 552 1739 Quae
571 1687 656 1743 quum
675 1672 713 1728 ita
733 1671 802 1739 sint,
823 1672 977 1743 inquit,...
995 1676 1091 1745 procul
1111 1676 1195 1733 dubio
1216 1693 1233 1732 a

92 1760 226 1817 catholica
245 1763 367 1819 Ecclesia
385 1762 550 1818 sumendum
567 1761 711 1818 exordium
731 1762 786 1838 (2).
798 1782 813 1815 n
833 1762 968 1834 Equidem
992 1766 1168 1835 praestantior
1185 1767 1232 1824 illa

90 1851 241 1907 auctoritas
265 1853 460 1924 quaestionem,
483 1868 544 1924 quac
562 1853 597 1909 de
620 1852 736 1908 veritate
755 1862 813 1920 est,
836 1869 1011 1927 nequaquam
1034 1856 1153 1924 dirimit;
1170 1857 1231 1914 deri

92 1941 167 1997 euim
180 1952 275 2020 posset
292 1951 337 2010 ut,
351 1958 413 2015 quac
427 1943 499 1999 inter
518 1943 643 2000 homines
666 1943 790 2000 omnium
812 1944 931 2002 maxima
954 1947 1119 2016 praedicatur
1137 1960 1233 2007 aucto-

91 2032 173 2096 ritas,
191 2048 208 2086 a
225 2048 291 2090 uero
311 2042 401 2088 tamen
415 2033 563 2090 aberraret.
581 2035 644 2091 ldeo
663 2034 759 2091 addit:
776 2053 790 2087 r
798 2034 852 2091 Sed
865 2035 900 2091 de
912 2037 1032 2093 veritate
1051 2037 1105 2093 alia
1118 2039 1233 2109 quaestio

92 2131 135 2177 est
147 2162 153 2177 .
165 2162 190 2176 ..
212 2122 321 2177 nullom
340 2139 389 2196 ego
409 2124 474 2180 hinc
494 2125 686 2196 praejudicium
702 2124 762 2180 fieri
781 2126 857 2193 volo,
868 2125 917 2182 scd
930 2128 1073 2184 exordium
1091 2129 1233 2200 quaerendi

91 2211 360 2283 opportunissimum
371 2214 465 2286 judico
480 2212 538 2288 (ὅ).
551 2234 565 2267 »

122 2303 173 2359 llis
185 2304 355 2372 constitutis,
369 2304 458 2361 amico
472 2320 522 2360 suo
536 2312 629 2360 narrat
640 2302 812 2378 Augustinus
825 2303 1057 2377 quemadmodum
1071 2306 1132 2379 ipse
1145 2307 1180 2363 ab
1195 2308 1231 2364 iis

91 2393 193 2465 quibus
211 2395 283 2466 apud
303 2395 467 2451 Manichacus
486 2395 632 2451 tenebatur
649 2395 772 2452 tenebris
789 2398 824 2452 ad
837 2397 1003 2463 Ecclesiam,
1024 2397 1072 2453 nbi
1090 2397 1180 2454 lucem
1200 2413 1231 2454 sa

89 2485 231 2542 invenisse
244 2495 337 2558 putat,
350 2485 476 2552 redierit,
490 2501 609 2558 eumque
624 2486 750 2541 hortatur
763 2496 808 2552 ut,
824 2486 874 2542 «si
888 2487 945 2557 jam
959 2487 1028 2542 satis
1042 2487 1096 2543 sibi
1112 2488 1231 2558 jactatus

87 2573 202 2640 viderit,
215 2595 229 2627 n
250 2575 335 2630 simili
357 2575 464 2631 ratione
484 2585 642 2648 «sequatur
662 2575 735 2631 viam
755 2577 897 2633 catholicae
919 2577 1091 2649 disciplinae,
1113 2593 1175 2648 quae
1195 2576 1231 2632 ab

88 2666 149 2737 ipso
175 2665 285 2722 Christo
308 2681 357 2737 per
375 2666 521 2736 Apostolos
539 2667 574 2722 ad
597 2683 661 2733 nos,
681 2666 734 2732 ait,
757 2683 845 2738 usque
868 2668 1002 2734 manavit,
1022 2676 1052 2722 et
1069 2667 1172 2722 abhinc
1195 2667 1231 2722 ad

88 2762 214 2824 posteros
233 2762 377 2807 manatura
395 2763 438 2807 est
457 2751 547 2825 ill.»

124 2841 226 2897 Verum
248 2849 363 2912 repente
384 2841 505 2897 occurrit
527 2857 559 2897 ea
581 2858 663 2912 quam
688 2844 757 2898 tanti
779 2844 916 2900 iaciebant
936 2843 1079 2900 Manichaei
1098 2843 1229 2916 objectio,

88 2931 162 3002 apud
180 2931 330 2988 catholicos
347 2930 428 2986 iidem
447 2939 511 2987 ante
530 2932 641 3003 praecipi
658 2948 744 3003 quam
762 2933 888 3008 dogmata
908 2934 1120 3008 intelligantur:
1141 2935 1231 2990 ullae-

87 3023 182 3090 retici‚
203 3022 306 3093 inquit,
326 3021 381 3089 eis,
404 3037 474 3092 quos
498 3023 636 3090 illectant,
658 3024 792 3080 rationem
813 3040 844 3081 se
864 3025 898 3082 de
920 3023 1126 3082 obscurissimis
1146 3023 1231 3081 rebus

87 3113 255 3184 pollicentur
278 3113 436 3170 reddituros
458 3130 465 3169 :
488 3130 576 3185 eoque
601 3114 764 3171 catholicam
787 3115 906 3172 maxime
931 3116 1132 3182 criminantur,
1157 3115 1230 3186 quod

88 3203 143 3259 illis
166 3202 214 3274 qui
235 3205 348 3260 adeam
369 3204 486 3262 veniunt
508 3205 667 3276 praecipitur
689 3213 720 3261 ut
741 3206 871 3274 credaut;
892 3222 923 3263 sc
941 3217 1035 3263 autem
1055 3223 1110 3264 unu
1131 3206 1230 3278 jugum

86 3294 211 3350 eredenti
228 3295 382 3367 imponere,
396 3297 446 3354 scd
463 3297 579 3354 docendi
592 3296 695 3352 iontem
712 3298 821 3368 aperire
836 3297 999 3371 gloriantur.
1017 3297 1105 3364 Quid,
1118 3299 1228 3367 inquis,

87 3385 144 3439 diei
154 3388 255 3455 potuit,
269 3388 340 3456 qood
351 3387 389 3441 ael
400 3404 493 3442 eornm
505 3387 612 3441 lundene
624 3388 713 3456 magis
724 3389 891 3457 pertineret?
903 3407 917 3440 n
928 3419 966 3428 -
979 3388 1010 3443 ln
1024 3389 1076 3443 hac
1088 3402 1152 3461 ergo
1165 3386 1229 3442 fidei

87 3482 246 3545 contemptu
265 3491 297 3530 ac
315 3476 443 3546 periectas
461 3477 585 3534 scientias
604 3476 803 3548 pollicitatione
820 3477 993 3551 signaculum
1014 3478 1151 3548 quoddam
1170 3476 1229 3533 reri

86 3578 236 3637 agnoscere
259 3566 312 3622 sibi
336 3567 482 3624 videbatur
507 3569 681 3634 Honoratus:
704 3567 778 3639 quod
803 3566 937 3639 deinceps
970 3565 1162 3623 confutaturus
1186 3575 1230 3622 est

87 3653 260 3727 Augustinus
276 3656 456 3713 monstrando
474 3657 556 3714 iidem
573 3655 716 3731 religionis
732 3672 765 3712 ac
781 3667 886 3713 naturae
903 3657 1011 3732 legibus
1027 3657 1146 3712 maxime
1162 3673 1229 3714 con-

87 3753 246 3800 sentaneam
261 3761 332 3801 csse.
346 3747 380 3802 Et
393 3747 504 3818 quidem
520 3747 615 3803 statim
628 3747 812 3820 objurgationi
826 3748 994 3820 respondet:
1010 3747 1110 3814 «Non,
1124 3746 1228 3820 inquit,

89 3833 127 3890 ita
143 3843 211 3890 est..
222 3875 248 3889 ..
265 3834 337 3890 Nom
354 3853 419 3893 cere
436 3839 548 3909 religio,
570 3837 623 3895 nisi
643 3838 791 3894 credantur
810 3854 842 3896 ca
861 3855 922 3910 quac
941 3838 1059 3910 quisquc
1078 3846 1186 3912 postea,
1204 3837 1228 3894 si

120 4005 202 4071 (roc.
216 4007 271 4065 ru,
285 4024 312 4056 n.
329 4009 370 4058 ra.

120 4086 207 4152 (ato.
223 4089 373 4148 vinnm.

120 4169 241 4229 (strom.

120 4248 376 4315 (neutrum.
