3150 5160
215 363 276 421 ala
613 379 652 420 ox
672 376 766 420 saona
787 377 961 422 soarrruna.

212 539 269 580 non
290 522 383 579 rideat
404 539 466 591 eam
484 539 568 595 quarn
593 532 738 594 tantopere
758 523 903 580 venditant
923 525 1105 583 rationalistae
1126 528 1247 602 theologi
1272 529 1357 586 inter-

212 615 376 688 pretationis
394 615 518 688 regulam
541 629 605 670 cum
631 613 749 669 scientia
771 614 912 687 exegetica
932 632 1072 690 pugnare,
1092 633 1183 689 neque
1206 619 1277 674 hanc
1295 634 1358 676 cum

213 705 261 761 illa
278 705 431 761 consistere
444 703 544 776 posse?
565 704 631 772 Quae
647 719 747 775 nempe
760 703 799 759 sit
816 703 1023 776 Scripturarum
1042 706 1167 772 indoles,
1181 724 1244 780 quae
1262 724 1358 765 earum

213 804 312 850 natura
336 812 420 867 supra
447 795 658 860 constituimus;
683 794 771 866 liquet
794 802 888 850 autem
913 795 979 852 huie
1008 813 1182 869 nequaquam
1210 802 1359 858 convenire

214 884 374 940 methodum
390 885 467 940 illam
486 901 539 957 qua
558 885 704 941 deficiente
724 901 806 940 ceusu
830 886 983 943 christiano
1004 890 1167 946 omnibusve
1184 890 1359 964 dogmatibus

213 984 278 1031 ante
290 975 410 1048 acceptis
429 993 479 1048 pro
496 976 611 1033 totidem
630 975 818 1047 praejudicatis
828 963 1011 1048 'opinionibus
1024 979 1142 1046 habitis,
1162 981 1255 1038 animo
1268 982 1360 1038 chris·

213 1067 296 1122 tianae
317 1067 382 1123 fidei
401 1076 514 1139 experte
533 1067 691 1138 Scripturas
707 1065 766 1122 adit
787 1081 820 1122 ac
835 1066 1035 1138 interpretatur
1054 1070 1211 1145 theologus.

252 1156 437 1224 Quamobrem
455 1157 706 1230 locupletissimam
726 1172 794 1212 sane
815 1159 1001 1216 eruditionem
1024 1160 1053 1215 in
1073 1161 1253 1232 explanandis
1270 1161 1359 1218 sacris

214 1244 318 1302 litteris
343 1248 462 1318 prodere
487 1256 595 1319 queunt
624 1247 821 1314 rationalistae,
848 1258 876 1306 et
905 1266 955 1324 ego
983 1253 1096 1322 quidem
1122 1253 1243 1308 libenter
1272 1252 1360 1308 lateor

216 1351 250 1391 ex
273 1336 342 1407 ipsis
364 1337 499 1408 plurimos
522 1338 609 1393 multa
634 1337 762 1392 doctrina
790 1339 931 1411 exegetica
954 1343 1120 1413 conspicuos
1135 1344 1254 1399 existere
1275 1351 1360 1413 atque

217 1426 255 1480 ita
279 1442 352 1482 verae
382 1442 532 1500 exegeseos
559 1443 673 1483 causam
704 1443 760 1483 non
788 1443 887 1499 parum
912 1429 1023 1501 juvare3
1048 1441 1078 1487 at
1102 1431 1233 1502 quoniam
1265 1440 1360 1487 minen

216 1515 296 1573 deest
315 1517 538 1586 fundamentum,
562 1520 679 1576 scientia
706 1520 818 1590 proprie
839 1520 913 1576 dieta
942 1520 1007 1577 inde
1034 1530 1162 1577 constare
1187 1520 1293 1592 nequit.

255 1607 290 1663 Et
309 1625 374 1665 vero
394 1611 514 1681 saepius,
532 1611 567 1667 ob
585 1610 766 1666 salsissimam
785 1611 862 1666 illam
881 1627 898 1668 a
914 1627 968 1682 qua
984 1611 1131 1668 exordium
1149 1611 1256 1667 ducunt
1275 1610 1360 1682 hvpo-

214 1697 330 1765 thesim,
350 1701 442 1756 omnia
464 1717 535 1772 pene
551 1701 581 1756 in
604 1700 758 1773 Scripturis
781 1702 946 1773 perturbant
972 1701 1170 1766 rationalistae‚
1193 1716 1245 1755 nee
1264 1713 1359 1754 earum

218 1804 333 1844 sensum
356 1792 468 1862 assequi
494 1791 610 1847 valent:
631 1792 700 1862 quin
723 1792 794 1859 imo,
818 1793 950 1864 quoniam
973 1793 1147 1848 arbitrantur
1168 1790 1240 1846 nihil
1259 1804 1359 1859 super·

219 1879 345 1936 naturale
360 1879 420 1936 lieri
442 1897 538 1952 posse,
563 1881 652 1938 sicubi
677 1881 841 1937 vaticinium
867 1883 1023 1954 praesertim
1050 1880 1195 1936 offendunt
1221 1879 1306 1950 quod,
1334 1877 1357 1932 si

217 1969 381 2039 probaretur
396 1980 478 2044 prout
500 1971 571 2027 illud
588 1971 721 2028 exhibere
738 1970 850 2027 videtur
869 1972 1024 2044 Scriptura,
1045 1971 1212 2028 sententiam
1234 1969 1357 2040 ipsorum

217 2059 399 2128 convelleret,
422 2063 525 2119 mirum
544 2063 573 2117 in
594 2061 708 2119 modum
728 2078 806 2118 sacra
822 2065 906 2120 verba
925 2072 1055 2135 torquere
1074 2070 1104 2117 et
1123 2060 1249 2117 cruciare
1268 2060 1356 2115 solent

221 2162 276 2217 quo
297 2150 355 2207 vim
378 2167 474 2209 eorum
493 2152 684 2223 propheticam
711 2153 820 2209 elevent
845 2169 878 2210 ac
905 2154 1023 2220 tollant;
1043 2162 1128 2222 atque
1149 2151 1196 2209 nbi
1219 2149 1248 2205 id
1266 2149 1355 2220 aliqua

217 2247 277 2302 veri
300 2247 392 2318 specie
417 2247 542 2318 praestari
558 2255 664 2318 potest,
690 2248 880 2304 semitioorum
902 2244 1067 2300 idiomatum
1090 2250 1221 2297 naturam
1246 2240 1353 2295 adulte-

218 2351 281 2391 rare
305 2351 361 2392 non
381 2345 514 2391 verentur
540 2345 570 2392 ut
592 2351 643 2392 suo
662 2337 862 2394 rationalistico
887 2333 1032 2408 systemati
1058 2332 1169 2388 facilius
1195 2330 1355 2394 consulant,

215 2423 322 2495 hacque
340 2424 447 2480 ratione
465 2423 544 2479 falsis
570 2423 739 2495 praejudiciis
756 2425 932 2498 indulgentes
958 2439 1044 2480 sacrae
1061 2438 1210 2496 exegeseos
1225 2428 1356 2494 praecepta

217 2514 329 2584 penitus
353 2523 529 2587 pervertunt.

759 2771 817 2843 §a

363 3027 396 3064 DE
414 3025 483 3065 VEEO
503 3024 700 3064 scarrruuaauu
720 3024 768 3064 USU
791 3024 877 3073 ATQUE
896 3024 1038 3064 unandhuli
1059 3007 1208 3064 unanime.
1296 2998 1298 3009 Ι

249 3285 389 3343 Hactenus
425 3285 546 3342 vidimus
576 3303 659 3359 quam
690 3287 875 3344 arctissimam
911 3287 1150 3345 necessitudinem
1175 3286 1351 3343 intercedere

213 3375 365 3432 Ecclesiam
391 3375 465 3431 inter
491 3384 519 3431 et
543 3374 733 3446 scripturam,
760 3376 886 3449 hancque
907 3378 942 3433 ab
964 3377 1012 3432 illa
1038 3377 1116 3432 nullo
1136 3386 1224 3456 'pacto
1248 3376 1359 3450 sejungi

214 3481 307 3536 posse,
331 3464 555 3538 quandoquidem
582 3465 644 3521 sine
664 3465 711 3520 illa
737 3480 789 3520 nee
812 3465 924 3534 luisset,
955 3480 1007 3520 nec
1032 3464 1067 3520 ad
1092 3481 1144 3522 uos
1166 3465 1358 3538 pervenisset,

213 3570 264 3611 nec
288 3571 437 3629 germanus
461 3555 522 3626 ejus
545 3571 644 3611 sensus
663 3555 862 3627 perciperetur.
886 3553 993 3622 Quibus
1011 3555 1191 3621 constitutis,
1214 3561 1306 3610 restat
1326 3561 1359 3609 ut

212 3646 369 3716 aperiamus
392 3646 455 3717 quis
477 3646 590 3702 demum
612 3647 649 3700 sit
671 3645 701 3699 in
724 3645 784 3715 ipsa
809 3643 946 3710 Ecclesia,
973 3645 1097 3700 cultam
1124 3644 1264 3700 indivulso
1283 3659 1359 3699 nexu

211 3735 349 3791 cohaerere
375 3738 542 3808 probantur,
566 3751 650 3791 verus
681 3733 887 3806 Scripturarum
913 3750 995 3800 usus,
1025 3750 1087 3806 quae
1107 3750 1203 3790 earum
1236 3733 1358 3791 utilitas.

211 3824 294 3880 Prius
318 3835 410 3882 tamen
423 3844 507 3899 quam
522 3834 716 3900 argumentum
738 3826 791 3882 hoc
812 3825 939 3896 pressius
963 3841 1122 3891 versemus,
1146 3823 1272 3897 quaedam
1293 3823 1360 3881 bre-

210 3914 283 3970 viter
299 3918 444 3973 statuenda
465 3926 615 3975 occurrunt
637 3933 671 3972 ex
692 3926 757 3972 anto
783 3915 933 3986 disputatis
956 3915 1029 3972 ultro
1053 3914 1266 3987 consequentia,
1283 3931 1362 3986 quae-

211 4021 265 4077 que
284 4005 415 4077 deinceps
434 4008 559 4064 dicendis
585 4009 659 4063 viam
688 4014 822 4062 sternant.
943 4063 945 4065 ,

248 4095 384 4162 Quoniam
410 4095 494 4168 igitur
515 4097 659 4170 Scriptura
678 4098 746 4154 adeo
765 4098 800 4153 ab
821 4095 944 4152 Ecclesia
967 4096 1084 4169 pendet,
1104 4105 1135 4152 ut
1153 4097 1205 4152 hac
1228 4111 1288 4151 non
1308 4096 1360 4152 ad-

211 4185 297 4240 missa
323 4186 371 4242 illa
403 4185 537 4253 intereat,
564 4188 631 4244 ordo
656 4204 751 4244 rerum
777 4188 900 4260 postulat
926 4196 957 4243 ut
980 4188 1101 4263 theologi
1127 4188 1175 4260 qui
1198 4189 1361 4245 secundum

211 4275 410 4333 christianismi
435 4277 556 4333 indolem
581 4294 613 4334 ac
639 4279 774 4350 principia
800 4278 939 4335 disserere
965 4279 1070 4347 velint,
1098 4295 1130 4336 ea
1156 4295 1217 4350 quae
1247 4279 1285 4336 ad
1313 4295 1360 4336 sa-
