3150 5160
380 351 419 409 bi
495 365 533 407 ne
549 364 587 408 us
604 364 747 408 erramus
763 365 814 419 our
830 365 901 408 rosr
915 363 1005 408 aaaron
1023 363 1229 408 arosromnou
1244 365 1410 408 rnonunnn.

920 525 979 598 aa.

612 707 635 746 S.
656 706 787 758 ausimne,
806 705 941 748 CAESSREAE
960 707 1126 748 chersonem
1140 706 1290 748 EPlSCOPUS.

416 887 601 955 Quaestionem
620 887 655 945 de
673 887 821 946 traditione
833 898 861 944 et
874 888 997 944 Ecclesia
1010 888 1038 945 S.
1053 889 1173 946 Basilius
1185 889 1314 961 nuspiam
1328 889 1421 947 dedita
1439 905 1527 962 opera

379 988 548 1053 pertractare
561 977 686 1046 studuit;
707 989 735 1034 at
755 989 786 1036 ut
804 979 838 1035 de
851 977 993 1035 Clemente
1005 978 1191 1037 Alexandrino
1205 981 1289 1035 verba
1309 979 1413 1037 iaciens
1427 997 1527 1037 mone-

378 1070 455 1136 bam,
469 1085 530 1141 quac
549 1069 577 1124 in
601 1079 695 1125 mente
717 1070 853 1141 insculpta
872 1069 984 1141 gerebat
1004 1069 1139 1142 principia
1159 1070 1294 1126 catholica
1318 1071 1434 1142 saepiuS,
1459 1073 1526 1128 data

378 1160 538 1226 occasione,
558 1159 649 1232 prodit
668 1175 701 1216 ac
719 1170 823 1217 tuetur.
841 1159 977 1228 Quoniam
995 1170 1088 1216 autem
1109 1160 1136 1216 in
1157 1176 1214 1217 suae
1231 1176 1321 1216 causac
1337 1161 1527 1232 patrocinium

378 1259 564 1322 protestantes
580 1251 730 1322 aliquando
750 1267 813 1307 eum
833 1249 967 1307 advocare
987 1266 1043 1307 non
1061 1250 1239 1317 dubitarunt,
1259 1251 1321 1308 ideo
1338 1250 1373 1308 de
1392 1251 1454 1322 ipso
1468 1267 1528 1324 prae

378 1341 442 1396 aliis
460 1339 552 1396 dicere
570 1342 781 1399 constituimus.

415 1429 508 1498 Quum
525 1447 591 1487 vero
604 1432 775 1489 occasionem
792 1431 968 1502 potissimum
980 1439 1079 1487 nactus
1092 1440 1135 1489 est
1153 1431 1273 1489 Basilius
1287 1449 1336 1489 sua
1350 1433 1385 1490 de
1398 1449 1431 1490 eo
1445 1435 1522 1505 quod

378 1521 487 1594 agimus
511 1531 673 1595 argumento
695 1521 829 1594 principia
852 1522 972 1594 pandere
993 1520 1020 1575 in
1044 1520 1115 1577 libro
1136 1536 1219 1592 quem
1234 1522 1271 1576 De
1295 1521 1406 1591 Spiritu
1427 1529 1526 1578 sancto

379 1610 559 1682 conscripsit,
579 1612 608 1665 in
628 1612 680 1668 hoc
702 1612 788 1668 lerme
805 1627 889 1683 opere
907 1620 982 1668 stare
1001 1611 1164 1682 poterimus.
1182 1612 1224 1668 hd
1243 1613 1318 1669 hunc
1338 1613 1424 1686 igitur
1442 1623 1520 1671 trac-

381 1709 467 1756 tatum
487 1702 662 1759 lustrandum
676 1718 740 1760 mox
752 1703 954 1776 aggrediamur.

416 1791 484 1860 Quae
496 1791 579 1849 luerit
595 1792 678 1850 istius
690 1793 754 1850 libri
772 1795 862 1868 origo,
877 1793 915 1849 ita
930 1791 1020 1865 aperit
1037 1791 1098 1863 ipse
1111 1792 1231 1848 basilius
1245 1807 1253 1846 ε
1266 1791 1386 1862 «Nuper
1398 1792 1527 1863 precanti

379 1881 449 1936 mihi
469 1897 532 1937 cum
551 1884 666 1955 populo,
688 1893 716 1940 et
739 1893 856 1955 utroque
879 1883 961 1940 modo
984 1882 1213 1954 glorificationem
1236 1882 1392 1939 absolventi
1415 1883 1471 1940 Deo
1492 1899 1528 1940 ac

380 1970 470 2038 Patri,
484 1971 622 2028 interdum
642 1990 703 2028 cum
722 1972 793 2030 Filio
811 1990 869 2029 una
887 1990 948 2029 cum
959 1980 1052 2028 sancto
1065 1971 1187 2043 Spiritu,
1201 1973 1340 2029 interdum
1351 1991 1401 2044 per
1413 1974 1525 2030 Filium

380 2062 413 2116 in
441 2071 534 2118 sancto
562 2063 688 2134 Spiritu,
716 2065 829 2136 quidam
853 2079 887 2120 ex
909 2065 945 2122 iis
966 2064 1014 2136 qui
1038 2063 1164 2128 aderant,
1193 2063 1298 2118 crimen
1328 2063 1528 2129 intenderunt,

380 2151 506 2208 dicentes
527 2169 579 2210 nos
597 2171 652 2210 non
675 2155 755 2211 modo
775 2155 928 2228 peregrinis
951 2171 984 2212 ac
1005 2155 1085 2210 novis
1108 2154 1148 2211 uti
1167 2154 1297 2220 vocibus,
1319 2169 1417 2210 verum
1440 2155 1530 2211 etiam

380 2241 454 2298 inter
475 2259 506 2300 se
527 2246 723 2318 pugnantibus.
740 2247 781 2302 Tu
804 2244 850 2319 (l)
870 2261 965 2317 porro.
977 2286 1002 2301 ..
1033 2243 1181 2316 postulasti
1198 2244 1356 2314 quampiam
1373 2244 1529 2300 dilucidam

380 2332 534 2389 doctrinam
550 2334 584 2390 de
601 2335 630 2391 vi
649 2336 748 2391 harum
767 2336 935 2409 syllabarum
955 2334 1087 2409 evulgari.
1107 2333 1168 2389 lam
1188 2333 1273 2407 igitur
1295 2333 1377 2391 nobis
1399 2334 1529 2392 breviter

379 2421 529 2479 dicendum
543 2434 586 2480 est
601 2424 661 2499 (i).
679 2444 693 2478 n

417 2514 439 2569 li
457 2523 552 2570 autern
575 2531 644 2586 quos
662 2516 707 2572 hic
723 2515 838 2588 respicit
855 2524 952 2572 auctor
969 2514 1092 2572 hnomaei
1110 2524 1203 2582 erant,
1224 2514 1272 2586 qui
1291 2513 1413 2585 Spiritus
1435 2515 1530 2572 sancti

380 2603 554 2660 divinitatem
567 2606 774 2679 impugnantes,
793 2606 903 2662 aiebant
916 2606 1055 2661 immerito
1071 2621 1103 2662 ac
1122 2605 1225 2678 injuria
1243 2620 1259 2659 a
1276 2606 1379 2661 Basilio
1396 2606 1424 2660 in
1438 2604 1531 2664 doxo-

380 2693 452 2768 logia
471 2696 599 2767 usurpari
623 2697 785 2767 particulam
804 2713 865 2751 eum
886 2694 1023 2770 (Spiritu)
1043 2697 1102 2752 loco
1120 2698 1152 2752 in
1181 2693 1330 2768 <Spiritul;
1354 2695 1426 2751 hanc
1448 2698 1529 2753 enim

380 2785 561 2840 mutationem
586 2801 621 2840 cx
644 2786 796 2857 Scripturis
815 2785 925 2858 probari
947 2801 1003 2842 non
1029 2800 1111 2857 posse
1132 2786 1275 2853 dicebant;
1301 2787 1369 2857 quin
1393 2787 1530 2846 etiamid

380 2873 494 2930 Petrum
514 2876 655 2933 traditioni
677 2878 819 2934 adversari
838 2877 978 2934 interdum
1001 2876 1195 2940 clamitabant,
1218 2891 1377 2946 quanquam
1400 2878 1528 2948 plerum-

381 2980 449 3036 que,
468 2967 635 3037 contemptis
655 2967 867 3034 traditionibus,
886 2966 920 3023 ad
935 2966 1094 3038 Scripturas
1107 2975 1216 3022 tantum
1236 2965 1426 3040 confugerent.

419 3053 553 3121 Quocirca
574 3073 622 3113 eos
641 3058 761 3114 irridens
783 3075 816 3114 ac
837 3059 972 3114 damnans
993 3057 1066 3127 quod
1089 3072 1105 3111 a
1129 3056 1281 3127 Scripturis
1306 3059 1397 3113 solum
1425 3057 1527 3117 ductas

383 3145 558 3216 probationes
576 3148 746 3218 acciperent,
760 3149 916 3203 luculenter
933 3147 1029 3203 itidem
1049 3146 1214 3202 catholicam
1228 3146 1390 3202 methodum
1409 3147 1526 3204 institu-

381 3235 466 3293 tionis
488 3247 516 3292 et
533 3237 706 3293 auctoritatis
724 3245 817 3293 tuetur
835 3237 964 3294 Basilius.
983 3236 1029 3292 Sic
1042 3235 1233 3293 haereticorum
1252 3237 1373 3294 indolem
1393 3246 1421 3293 et
1448 3253 1526 3294 com·

381 3342 494 3383 munem
507 3343 621 3398 scopum
635 3327 760 3402 depingit
774 3344 805 3383 :r
817 3327 951 3385 Caeterum
963 3327 1037 3399 quod
1051 3327 1079 3383 id
1092 3337 1280 3398 oppugnatur,
1293 3326 1360 3383 ildes
1374 3336 1433 3393 est,
1443 3326 1526 3398 isque

382 3433 483 3489 scopus
508 3419 663 3474 communis
687 3428 731 3474 est
750 3418 880 3475 omnibus
899 3417 1067 3474 adversariis
1085 3425 1113 3472 et
1139 3433 1213 3473 sanat
1231 3417 1365 3474 doctrinae
1387 3417 1524 3484 inimicis,

381 3516 412 3561 ut
425 3507 593 3564 soliditatem
608 3508 670 3566 [idei
684 3510 713 3565 in
731 3508 873 3566 Christum
886 3509 1059 3573 concutiant,
1076 3510 1254 3578 apostolicam
1272 3509 1449 3563 traditionem
1467 3509 1524 3564 aolo

382 3605 517 3667 aquatam
532 3600 670 3655 abolendo.
690 3600 855 3672 Eapropter,
873 3599 946 3654 sicut
964 3599 1055 3654 solent
1073 3598 1121 3669 qui
1138 3598 1212 3654 bona
1227 3599 1291 3666 fidei
1314 3596 1363 3671 (5)
1384 3598 1525 3654 debitores

383 3698 463 3756 sunt,
484 3692 655 3760 probationes
676 3707 689 3746 e
713 3689 858 3760 Scriptura
881 3691 997 3744 clamore
1021 3690 1150 3760 caipunt,
1181 3689 1298 3744 Petrum
1325 3689 1524 3754 testimonium,

383 3783 455 3852 quod
465 3785 599 3853 scriplum
611 3799 667 3837 non
682 3788 734 3847 est,
747 3783 820 3837 uelut
833 3782 938 3836 nudius
954 3782 1082 3835 momenti
1095 3781 1243 3850 rejicientes
1256 3779 1316 3854 (d).
1332 3800 1347 3833 n

415 3952 459 4018 (1)
472 3953 497 4002 S.
510 3952 718 4020 Amphilochius,
732 3951 809 4004 iconii
827 3952 974 4020 episcopus,
994 3950 1024 4002 ad
1045 3967 1122 4019 quem
1137 3950 1203 4002 iiber
1220 3949 1263 4002 ille
1282 3951 1394 4002 directus
1411 3958 1457 4002 cst.

415 4033 459 4099 (2)
472 4038 505 4083 Dr
519 4038 617 4098 Spiritu
631 4043 728 4095 soracte,
745 4051 768 4086 o.
781 4041 810 4096 l,
830 4051 855 4086 n.
869 4039 893 4085 5.

414 4117 461 4182 (ὅ)
474 4117 521 4166 Per
538 4116 648 4170 ironiam
664 4116 769 4168 dictum.

415 4200 459 4266 (4)
472 4216 486 4249 n
498 4198 585 4258 Πιστις
600 4191 627 4249 δε
648 4200 697 4248 ἐστι
714 4217 742 4250 το
760 4205 956 4266 animamarum,
975 4214 1018 4248 και
1033 4212 1115 4255 notrae
1136 4213 1229 4258 nunnae
1241 4197 1320 4250 ἅπασι
1338 4214 1389 4256 τοις
1406 4197 1526 4256 inuertere

382 4297 425 4331 και
443 4281 541 4349 ἐχδροις
558 4300 601 4339 της
622 4280 779 4349 ὑγιαινουσης
795 4273 977 4346 διδασκαλιας,
997 4299 1024 4331 ro
1039 4296 1163 4348 orapsopn
1180 4301 1223 4342 της
1241 4281 1273 4342 εἱς
1292 4281 1404 4350 Χριστον
1422 4296 1526 4338 nannetes
