3150 5160
435 361 460 404 s.
478 360 662 419 aerumnas,
678 361 934 409 eanrutomsusrs
948 362 1118 409 priscorus.
1314 352 1349 409 rt

212 509 276 564 lude
296 508 350 564 hoc
369 505 497 574 allatum,
521 519 601 562 cetra
620 507 769 564 Ecclesiam
796 525 851 564 noct
876 515 912 563 cst
935 510 1027 574 selom
1051 508 1124 580 quod
1144 509 1256 581 quidem
1273 512 1356 567 variis

212 598 299 654 modis
323 612 487 669 cupressum
509 598 582 670 apud
606 598 702 654 Patres
722 616 818 655 omncs
840 600 972 667 occurrit,
994 609 1022 655 at
1042 599 1112 656 illud
1136 601 1268 672 peculiari
1291 618 1356 658 cura

212 688 338 760 exposuit
351 703 383 741 ac
396 687 497 742 evolvit
513 686 676 760 Cyprianus.
695 688 757 744 ideo
771 698 863 744 autem
881 698 958 744 tanto
976 687 1118 744 molimine
1135 690 1203 746 illud
1218 692 1357 764 exagitare

211 789 238 835 et
256 778 414 834 cnrrvcllerc
435 778 603 833 studuerunt
621 788 807 849 protestantes
825 780 952 851 plurimi,
969 779 1042 850 quod
1059 779 1258 836 christianismi
1275 790 1358 852 atque

213 869 301 941 ipsius
312 869 372 924 ucri
386 867 508 922 indolem
524 884 578 923 non
593 877 659 923 suut
671 868 803 924 assecuti.

248 957 387 1025 Quoniam
404 973 469 1013 vcro
487 956 543 1012 lalli
563 958 661 1029 nequit
676 958 813 1026 Ecclesia,
828 973 890 1014 cum
905 955 1015 1014 Christo
1028 966 1120 1014 autern
1138 967 1165 1014 et
1180 959 1237 1016 Deo
1247 961 1357 1032 penitus

210 1047 399 1120 conglutinata
426 1047 454 1101 in
478 1056 643 1117 perpetuum
666 1055 829 1118 permanet,
853 1045 928 1100 nulla
952 1061 1073 1117 unqrrarn
1102 1046 1207 1103 ratione
1233 1047 1275 1105 las
1296 1065 1358 1106 esse

213 1146 304 1208 potest
326 1137 460 1192 ciuitatem
478 1137 628 1192 scindere:
646 1138 744 1195 scissio
767 1138 826 1193 haec
844 1151 859 1191 a
879 1152 964 1210 regno
982 1137 1031 1192 Dei
1052 1137 1173 1193 excludit
1192 1148 1220 1194 et
1239 1140 1358 1197 immane

211 1227 304 1281 scelus
319 1240 429 1296 semper
441 1225 623 1280 existimanda
635 1235 691 1292 cst,
705 1227 791 1282 Deum
805 1227 906 1298 quippe
919 1227 1012 1298 ipsum
1025 1237 1099 1282 reeta
1113 1228 1222 1299 impetit
1235 1245 1242 1284 :
1255 1249 1269 1281 u
1282 1229 1358 1285 Hauc

213 1316 347 1371 unitatem
363 1315 411 1386 qui
429 1331 484 1370 non
504 1324 594 1381 tenet,
611 1316 659 1371 Dei
680 1317 767 1389 legem
787 1332 841 1373 nou
862 1326 951 1381 tenet,
971 1333 1025 1372 non
1044 1327 1120 1374 tenet
1139 1320 1229 1376 Patris
1248 1330 1276 1375 et
1294 1321 1357 1376 Filii

211 1404 310 1471 iidem,
334 1405 418 1460 vitam
442 1420 496 1460 non
520 1414 596 1460 tenet
615 1415 643 1461 et
662 1406 818 1461 salutem.»
834 1406 866 1460 Et
888 1422 970 1477 porro
994 1406 1144 1463 Ecclesiam
1168 1425 1231 1464 cum
1254 1409 1357 1466 Christi

212 1498 305 1552 tunica
330 1511 392 1567 quae
417 1495 534 1551 indiuisa
559 1497 747 1567 perseverarit.
769 1494 929 1562 conferens,
953 1496 992 1552 ait
1012 1512 1019 1551 :
1042 1498 1249 1554 «Sacramenta
1271 1502 1358 1557 restis

212 1596 239 1642 et
264 1587 343 1660 signo
367 1586 518 1641 declaravit
540 1586 670 1642 Ecclesiae
692 1586 836 1641 unitatem.
855 1584 924 1652 Quis
946 1602 1011 1660 crgo
1032 1587 1072 1643 sie
1093 1599 1135 1644 est
1157 1590 1309 1646 sceleratus
1330 1602 1358 1647 et

212 1677 348 1748 pertidus,
368 1677 431 1748 quis
453 1677 494 1732 sie
514 1676 657 1732 discordiae
679 1676 769 1732 lurore
787 1692 922 1740 vesanus,
946 1686 976 1731 ut
995 1686 1043 1732 aut
1062 1679 1156 1734 eredat
1174 1680 1264 1734 scindi
1282 1697 1359 1750 posce

208 1773 259 1820 ant
271 1768 371 1821 eadent
383 1768 505 1821 scindere
514 1768 648 1820 unitatem
661 1766 721 1831 Det,
734 1771 833 1820 nectem
845 1766 968 1831 Domini,
979 1767 1125 1821 Ecclesiam
1135 1767 1256 1824 Christi?
1267 1770 1359 1826 hlonct

210 1857 271 1928 ipse
288 1859 317 1911 in
331 1857 478 1930 Evangelio
493 1872 543 1912 suo
560 1867 588 1913 ct
604 1856 684 1912 docet
697 1857 794 1913 dicens
808 1873 815 1912 ι
830 1866 857 1913 et
873 1857 926 1912 erit
943 1873 1017 1913 unus
1033 1873 1099 1928 grex
1118 1867 1147 1914 et
1162 1875 1235 1915 unrrs
1253 1869 1356 1931 pastor.

211 1946 245 2002 Et
258 1962 321 2002 csse
333 1962 415 2018 posse
433 1963 488 2001 nno
503 1946 531 2001 iu
545 1946 605 2002 loco
618 1947 721 2018 aliquis
734 1946 874 2003 existimat
886 1956 934 2002 aut
948 1949 1051 2002 multos
1064 1958 1189 2018 pastores
1202 1958 1251 2005 aut
1264 1950 1358 2020 plures

208 2054 309 2111 greges
327 2038 369 2111 (l)
382 2036 419 2092 t»
435 2037 517 2092 Nullo
534 2053 600 2092 sane
617 2047 696 2108 paeto
714 2036 775 2092 lieri
792 2047 882 2108 potest
901 2047 930 2092 ut
946 2038 1040 2108 plures
1057 2051 1182 2108 pastores
1198 2049 1245 2094 aut
1261 2055 1358 2114 greges

208 2127 344 2183 dominici
364 2136 473 2183 exstent
493 2142 500 2181 :
522 2128 569 2198 qui
589 2143 654 2200 crgo
677 2125 748 2181 hanc
767 2138 909 2184 externam
931 2143 993 2198 quae
1014 2128 1042 2185 in
1061 2130 1186 2186 omnium
1202 2133 1298 2187 oculos
1314 2132 1358 2186 iu·

207 2217 300 2273 currit
313 2217 447 2273 unitatem
464 2217 590 2273 scindere
601 2234 656 2273 non
670 2228 798 2285 veretur,
818 2219 843 2275 is
856 2218 1003 2274 haereticus
1022 2229 1065 2276 est
1084 2228 1111 2275 et
1127 2235 1143 2274 a
1157 2221 1212 2277 lieo
1227 2221 1356 2276 alienus:

212 2326 229 2360 a
241 2307 368 2363 Haereses
449 2310 533 2374 liunt,
546 2307 612 2363 dum
631 2321 760 2378 perversa
774 2322 854 2364 mens
865 2322 923 2363 non
941 2305 1024 2362 hahet
1037 2323 1146 2380 pacem,
1162 2309 1229 2364 dum
1245 2309 1358 2380 pertidia

210 2396 378 2454 discordans
391 2413 447 2452 uon
460 2406 536 2453 tenet
550 2399 695 2453 unitatem.
709 2416 723 2450 n

252 2487 451 2542 haereticorum
471 2498 563 2543 autem
584 2487 705 2543 indolem
726 2486 767 2543 sie
787 2486 901 2543 uberius
920 2485 1068 2560 depingit:
1093 2486 1158 2542 etti
1177 2496 1244 2544 suut
1261 2490 1309 2560 qui
1328 2505 1360 2545 se

213 2579 288 2634 rrltro
307 2579 379 2650 apud
399 2579 561 2635 temerarios
580 2594 717 2635 convenas
735 2581 795 2633 sine
817 2580 916 2634 diuina
934 2579 1111 2649 dispositione
1127 2580 1293 2648 preficiunt,
1312 2581 1358 2651 qui

213 2684 246 2724 se
262 2668 425 2740 prepositos
441 2668 502 2722 siue
520 2669 575 2722 ulla
593 2667 775 2723 ordinationis
789 2667 849 2741 lege
862 2668 1051 2733 constituunt,
1065 2668 1113 2739 qui
1127 2669 1239 2723 nemine
1251 2669 1359 2741 episco-

215 2764 311 2828 patum
324 2755 420 2822 dante,
435 2757 558 2827 episcopi
575 2757 629 2811 sihi
645 2773 744 2813 nomen
756 2767 903 2813 assumunt
918 2757 999 2832 (ipo
1015 2756 1106 2824 Quum
1119 2758 1192 2812 enim
1208 2759 1360 2815 Ecclesiam

215 2864 232 2902 a
245 2848 301 2901 Deo
314 2847 493 2901 constitutam
503 2845 691 2909 deseruerint,
702 2845 835 2916 quidquid
849 2847 981 2918 deinceps
992 2863 1074 2920 agere
1087 2847 1252 2913 moliuntur,
1262 2850 1360 2905 dioino

216 2938 393 3008 dispositione
414 2946 502 3000 caret,
519 2935 642 3008 adeoque
659 2935 715 2990 uim
731 2935 834 2990 nullam
848 2936 959 3007 assequi
980 2946 1080 3008 potest.
1094 2937 1166 3004 Nee,
1183 2940 1360 3010 prosequitur

217 3037 330 3084 sanctus
343 3026 447 3092 doctor,
460 3026 487 3080 iu
501 3026 615 3082 sceleris
629 3024 813 3096 patrocinium
827 3025 961 3080 advocare
970 3037 1106 3083 conentur
1119 3028 1165 3082 illa
1176 3029 1283 3084 Domini
1297 3045 1360 3086 uer-

216 3118 272 3173 ba:
289 3116 456 3187 ubicumque
470 3115 572 3170 luerint
585 3115 639 3170 duo
654 3125 702 3170 aut
716 3124 773 3171 tres
791 3117 900 3172 collecti
917 3117 945 3172 iu
960 3119 1073 3174 nomine
1089 3135 1165 3186 meo,
1178 3134 1228 3191 egro
1242 3136 1305 3176 cum
1319 3121 1361 3177 eis

217 3223 293 3271 sum,
312 3207 534 3278 quandoquidem
553 3207 621 3278 ipsi,
638 3215 733 3279 utpote
747 3222 764 3260 a
778 3205 888 3263 Christo
904 3209 1006 3275 avulsi,
1023 3225 1195 3280 nequaquam
1210 3211 1361 3268 innomine

215 3298 278 3370 ejus
291 3299 449 3372 congregari
463 3298 572 3370 possint
585 3313 592 3352 :
610 3317 623 3350 a
635 3296 778 3366 Quomodo
790 3307 882 3353 antem
896 3308 988 3369 potest
999 3298 1023 3353 ei
1038 3299 1177 3373 (Christo)
1193 3317 1256 3356 cnm
1267 3303 1359 3373 aliquo

217 3388 380 3456 convenire,
396 3389 440 3444 cui
457 3405 521 3444 cum
538 3404 653 3460 corpore
668 3387 757 3461 ipsius
767 3385 902 3462 Ecclesiae
919 3395 947 3441 et
963 3402 1027 3441 cum
1043 3386 1173 3442 universa
1188 3388 1361 3446 fraternitate

217 3495 275 3535 non
293 3477 441 3534 convenit?
456 3479 598 3547 Quomodo
616 3487 732 3550 possunt
747 3476 802 3532 duo
819 3485 868 3531 aut
884 3485 942 3532 tres
958 3476 986 3530 in
1004 3477 1115 3531 nomine
1132 3475 1234 3532 Christi
1250 3479 1359 3552 colligi,

218 3582 289 3638 quos
305 3575 413 3622 constat
428 3583 443 3622 a
461 3567 571 3624 Christo
587 3576 615 3623 et
630 3567 665 3622 ab
682 3567 744 3638 ejus
761 3565 909 3639 Evangelio
927 3563 1066 3637 separaril
1083 3565 1143 3622 Non
1162 3566 1237 3622 enim
1256 3583 1308 3623 uos
1325 3568 1360 3625 ab

219 3657 291 3722 illis,
306 3656 354 3712 sed
371 3657 413 3712 illi
430 3674 445 3712 a
463 3658 543 3714 nohis
559 3666 744 3713 recesserunt.
764 3656 798 3711 Et
816 3671 879 3711 eum
896 3657 1016 3712 haereses
1029 3665 1058 3712 et
1071 3657 1220 3713 schismata
1237 3669 1360 3730 postmo-

220 3747 287 3802 dum
302 3757 365 3801 nata
378 3748 449 3814 sint,
462 3748 528 3802 dum
542 3746 733 3803 conventicula
746 3746 799 3802 sihi
813 3747 921 3803 diversa
935 3747 1124 3814 constituunt,
1138 3749 1263 3805 veritatis
1276 3760 1359 3822 caput

220 3848 304 3909 atquc
317 3838 449 3910 originem
467 3838 640 3909 reliquerunt
654 3834 711 3911 (ὅ).
725 3856 738 3889 a
753 3837 836 3894 Vides
854 3837 1086 3909 quemadmodum
1102 3853 1135 3895 cx
1151 3838 1280 3912 Cypriani
1294 3841 1360 3897 doc·

221 3929 294 3984 trina
312 3928 364 3985 hoe
381 3928 442 3999 ipso
456 3927 531 3998 quod
548 3928 582 3984 al)
599 3927 721 3986 Ecclesia
736 3939 912 3987 recesserunt
930 3930 1071 3998 homiues,
1089 3946 1104 3985 a
1124 3930 1234 3990 Christo
1251 3947 1360 4003 quoque

254 4088 299 4152 (rt
311 4091 373 4141 rote.
387 4109 412 4158 p.
426 4095 484 4141 too.

255 4175 479 4242 (atrorepnor.

254 4255 299 4319 (s)
311 4257 371 4306 itte.
385 4273 410 4324 p.
424 4260 481 4306 tos.
