3150 5160
352 349 393 406 50
454 361 493 404 un
514 361 553 405 us
574 359 716 403 rrrnrrus
738 359 790 414 our
812 357 881 401 rosr
903 358 993 401 rsvuu
1016 356 1218 402 trosromcuu
1240 359 1404 404 rnonunnu.

351 508 457 565 ditione
483 505 669 563 ecclesiastiea
696 505 791 560 minus
815 502 927 576 copiose
949 502 1097 570 disseruit,
1114 504 1185 560 illud
1214 512 1307 560 tamen
1326 504 1399 576 qarod
1422 506 1499 578 apud

351 599 510 671 superiores
523 598 620 653 Patres
632 596 755 653 vidimus
765 594 931 666 principium
945 595 1042 649 erebro
1055 595 1181 650 enuntiat
1194 605 1223 651 et
1235 595 1339 666 ubique
1351 605 1494 652 sectatur:

350 690 406 744 alta
423 688 531 744 scilicet
550 687 579 742 in
600 696 696 743 mente
713 684 879 749 Clementis,
897 683 938 738 uti
957 694 985 738 et
1005 692 1182 751 caeterorum,
1202 684 1271 740 illud
1296 686 1449 752 insidebat,
1468 696 1498 743 et

351 778 440 835 sicubi
460 777 512 834 lert
531 786 641 849 tempus
660 786 688 834 et
707 777 832 845 occasio,
851 775 973 832 exterius
986 773 1078 846 prodit
1094 783 1122 830 et
1134 784 1257 846 apparet.
1281 775 1312 831 ln
1330 776 1392 847 ejus
1410 792 1498 848 opera

347 870 407 941 jam
421 869 516 924 oculos
530 868 720 940 conjiciamus.

388 958 451 1012 Tria
470 956 583 1013 omnino
601 967 752 1028 supersunt
768 955 918 1012 Clementis
936 971 1030 1027 opera,
1043 971 1161 1028 quorum
1179 972 1266 1012 unum
1284 955 1440 1014 dehortatio
1457 959 1498 1014 od

349 1052 438 1120 pentes
455 1047 632 1115 inscribitur,
646 1049 764 1104 alterurn
781 1048 961 1118 Pedrpopus,
982 1047 1094 1103 tertium
1111 1047 1222 1103 tandem
1238 1047 1376 1104 stromata
1389 1048 1497 1121 (Στρο-

351 1137 462 1203 parete).

389 1220 493 1276 Prioris
514 1228 708 1294 argumentum
726 1219 755 1274 in
777 1235 810 1275 eo
830 1229 971 1284 versatur,
995 1227 1026 1273 ut
1046 1228 1143 1292 gentes
1163 1219 1289 1277 hortetur
1307 1221 1436 1278 Clemens
1459 1223 1497 1279 ad

351 1311 556 1382 suscipiendam
575 1310 679 1367 Christi
698 1309 868 1376 doctrinam;
889 1309 954 1364 inde
972 1318 1065 1364 autem
1084 1308 1163 1365 laeile
1181 1310 1269 1382 liquet
1290 1311 1325 1368 de
1345 1313 1498 1369 traditione

352 1403 539 1458 ecclesiastiea
558 1417 622 1457 eum
639 1401 753 1456 rninirne
771 1400 809 1455 ibi
821 1400 959 1456 disserere
971 1399 1110 1456 debuisse.
1121 1431 1158 1440 -
1171 1400 1249 1468 Quod
1263 1403 1297 1457 ad
1310 1403 1497 1473 Pedupopum

352 1493 463 1557 attinet,
478 1508 578 1563 scopus
595 1492 657 1563 ejus
673 1500 717 1547 est
733 1490 842 1547 tradere
860 1490 1037 1546 credentibus
1053 1506 1085 1546 ea
1102 1506 1163 1561 quae
1180 1493 1214 1547 ad
1230 1508 1321 1548 mores
1338 1494 1392 1550 rite
1410 1494 1498 1550 insti·

354 1581 472 1638 tuendos
487 1583 664 1654 potissimum
684 1580 829 1637 conferunt
847 1579 899 1654 (l).
920 1581 952 1636 ln
970 1580 1153 1636 stromatibus
1171 1590 1263 1637 autem
1283 1583 1379 1653 pandit
1397 1593 1499 1640 auctor

353 1674 462 1748 regulas
486 1681 513 1729 et
538 1673 673 1746 principia
696 1673 797 1744 quibus
823 1687 905 1728 verus
929 1671 1041 1727 tandem
1066 1672 1223 1742 gnosticos,
1246 1688 1295 1728 seu
1321 1674 1403 1728 homo
1429 1689 1499 1730 rere

353 1764 481 1834 sapiens,
499 1762 614 1830 existam
640 1763 759 1835 plurima
778 1762 919 1836 religionis
946 1762 1035 1832 capita
1062 1762 1172 1836 attingit
1198 1763 1288 1833 iisque
1311 1763 1500 1835 philosophiae

353 1852 462 1907 decreta
483 1853 590 1907 miscet.
1214 1855 1217 1865 '

389 1943 522 2013 Nuspiam
542 1958 606 2016 ergo
626 1940 753 1998 Clemens
771 1941 903 1998 adversus
921 1942 1065 1999 hereticos
1084 1942 1176 1998 dedita
1196 1959 1279 2015 opera
1299 1943 1448 2011 disseruit,
1469 1954 1500 2000 et

354 2032 415 2088 ideo
432 2031 584 2109 doctrinam
602 2032 636 2088 de
648 2032 770 2088 Ecclesia
793 2032 906 2088 uberius
922 2034 1059 2104 explicare
1079 2049 1214 2106 nusquam
1231 2035 1349 2099 curauit,
1368 2035 1425 2091 imo
1444 2052 1500 2092 nec

353 2139 452 2180 curare
477 2124 575 2195 potuit.
602 2121 655 2189 bt,
680 2132 710 2179 ut
736 2121 817 2178 modo
838 2123 983 2189 dicebam,
1006 2124 1085 2195 plura
1108 2133 1200 2179 tamen
1225 2125 1298 2195 apud
1323 2124 1500 2199 Clementem

353 2223 503 2270 occurrunt
521 2230 582 2286 qnae
600 2215 652 2268 hac
671 2213 700 2268 in
719 2228 749 2268 re
763 2222 882 2268 mentem
897 2215 957 2285 ejus
975 2213 1120 2285 perspicue
1138 2214 1266 2285 produnt.
1286 2214 1380 2286 lpsum
1399 2214 1501 2272 audia-

356 2321 429 2361 mus.

393 2396 439 2453 Sic
460 2396 544 2469 igitur
562 2395 591 2451 in
610 2395 621 2450 l
640 2394 688 2450 lib.
708 2392 852 2462 stromat,
876 2393 1097 2449 commemoratis
1119 2393 1155 2451 iis
1177 2410 1192 2449 a
1214 2395 1317 2466 quibus
1338 2394 1499 2452 doctrinam

356 2489 535 2545 christianam
554 2494 712 2558 acceperat,
730 2485 914 2542 institutionis
932 2501 964 2540 ae
983 2486 1139 2543 traditionis
1157 2486 1319 2542 methodum
1338 2486 1417 2542 utin
1438 2503 1502 2542 om-

356 2577 434 2634 nium
456 2593 533 2634 more
555 2578 675 2649 positam
698 2576 808 2649 attingit
828 2592 861 2632 ae
883 2576 1083 2632 commendat:
1108 2576 1194 2632 «Sed
1216 2577 1360 2632 biretam
1383 2577 1501 2647 quidem

355 2671 443 2726 beatae
464 2668 596 2724 doctrinae
617 2667 764 2724 servabant
785 2666 979 2732 traditionem,
1004 2666 1098 2722 statim
1118 2682 1133 2722 a
1156 2667 1256 2734 Petro,
1278 2675 1306 2722 et
1326 2667 1446 2735 lacobo,
1471 2676 1502 2725 et

355 2759 474 2824 loanne,
494 2768 522 2816 et
540 2758 639 2824 Paulo,
660 2758 764 2816 sanetis
783 2757 937 2828 ApostoliS,
957 2757 996 2812 ita
1019 2766 1049 2813 ut
1067 2757 1142 2813 tilius
1163 2757 1300 2829 acciperet
1318 2772 1334 2812 a
1353 2766 1432 2828 patre

355 2851 390 2906 ad
410 2866 460 2906 nos
477 2865 586 2922 quicque
603 2850 658 2906 lleo
676 2849 785 2906 volente
801 2856 1001 2920 pervenerunt,
1021 2847 1068 2902 illa
1085 2864 1101 2903 a
1120 2847 1273 2919 majoribus
1289 2846 1352 2902 data
1369 2856 1396 2903 et
1413 2863 1502 2919 apos·

356 2941 438 2996 tolica
452 2940 606 3012 deposituri
621 2939 726 2995 semina
741 2937 794 3012 (ἓ).
805 2958 863 2991 »-
873 2938 981 3009 Ubique
994 2953 1076 3008 porro
1088 2939 1169 2994 docet
1181 2937 1310 2993 Clemens
1323 2953 1501 3008 nequaquam

356 3032 487 3088 universa
512 3032 653 3105 religionis
679 3031 809 3104 mysteria
835 3029 922 3085 luisse
952 3029 1055 3100 scripto
1082 3029 1224 3094 mandata,
1250 3027 1299 3083 sed
1326 3027 1407 3099 plura
1435 3028 1502 3084 sine

356 3121 458 3177 litteris
471 3137 520 3192 per
533 3121 737 3177 successionem
749 3119 784 3175 ab
802 3118 995 3191 Apostolorum
1008 3126 1088 3174 aetate
1102 3127 1234 3190 perpetuo
1248 3117 1379 3190 deinceps
1392 3120 1501 3176 servari

357 3219 386 3266 et
400 3210 482 3266 tradi.

392 3300 449 3356 lmo
470 3315 537 3357 uero
558 3309 661 3356 norunt
683 3315 780 3357 omnes
801 3299 849 3371 qui
868 3297 1018 3355 Clementis
1035 3297 1172 3355 Stromata
1196 3298 1408 3370 persolverunt,
1431 3313 1500 3355 eum

357 3391 427 3446 tanti
448 3388 539 3447 iacere
558 3390 715 3447 traditionis
735 3390 918 3463 principium,
939 3399 970 3446 ut
986 3405 1020 3445 er
1037 3389 1097 3461 ipso
1117 3404 1196 3445 suam
1217 3405 1326 3462 quoqne
1344 3391 1378 3445 de
1395 3406 1500 3447 areana

357 3481 474 3537 scientia
490 3481 644 3538 doctrinam
660 3489 782 3537 statuere
798 3481 954 3537 contendat.
973 3479 1074 3536 Notum
1087 3481 1162 3536 enim
1176 3491 1219 3537 est
1234 3482 1307 3553 apnd
1325 3480 1500 3539 Clementem

357 3586 480 3643 persaepe
492 3572 660 3628 mentionem
675 3571 752 3643 injici
765 3572 909 3645 cujusdam
922 3571 1028 3628 altioris
1041 3570 1178 3639 seientiae,
1192 3588 1274 3644 quarn
1290 3573 1390 3645 gnosio
1401 3574 1501 3645 appel·

389 3791 432 3856 (1)
449 3793 483 3842 lle
498 3791 693 3844 difficultatibus
704 3809 763 3860 quae
778 3809 809 3844 ex
820 3791 868 3843 hoe
879 3808 954 3861 opere
965 3809 979 3845 a
992 3792 1191 3862 protestantibus
1203 3793 1298 3844 moveri
1315 3793 1396 3844 solent
1412 3803 1503 3861 postea

356 3871 479 3923 dicemus.
674 3925 676 3930 .

387 3953 437 4018 (Ξ)
452 3952 540 4005 «aar
555 3951 578 4001 ὃι
593 3974 635 4022 μιν
652 3975 696 4010 την
713 3955 799 4011 <ilani
818 3975 862 4016 rat
882 3973 1006 4028 μακαριας
1022 3959 1142 4017 solorre<
1160 3949 1326 4016 libertatus,
1343 3948 1501 4024 παραδοσιν,

357 4034 430 4093 subu<
452 4035 503 4086 ἀπο
521 4034 617 4105 Πετρου
635 4056 661 4088 τι
675 4054 719 4087 και
736 4035 867 4099 Ιακωῧου,
889 4036 998 4091 louvrea
1013 4059 1038 4091 τε
1054 4056 1098 4090 και
1117 4039 1235 4102 Παυλου,
1256 4059 1304 4090 των
1324 4039 1401 4108 (igtur
1418 4057 1503 4093 αποσ·

356 4121 454 4177 aalma,
475 4135 534 4176 παις
554 4136 624 4187 παρα
649 4137 742 4190 usurpet
763 4113 968 4187 ἂκῧεχομενος...
988 4122 1049 4176 ἧκον
1069 4114 1101 4178 bar
1122 4141 1165 4172 συν
1186 4127 1231 4187 drap
1255 4137 1299 4171 και
1322 4121 1355 4179 ιἰς
1376 4120 1444 4189 ἡμας
1467 4140 1502 4173 τα

356 4216 495 4268 apogeum
521 4202 601 4250 instra
626 4218 669 4252 και
699 4208 856 4253 αποστολικα
877 4209 1077 4272 καταθησομινοι
1101 4219 1268 4272 crappum.»
1291 4207 1383 4255 Strom.
1410 4204 1500 4264 tibi,

358 4298 384 4348 p.
397 4285 521 4346 obibus,
537 4283 576 4334 ed.
589 4284 698 4347 letter,
711 4285 824 4337 venetiis
837 4289 910 4336 libi.
