3166 5168
277 369 314 411 bit
329 367 476 411 concitus
491 367 594 410 PRlSCO
610 366 677 411 AEVO
693 369 723 409 ΙΝ
739 368 878 412 ECCLESIA
894 368 1019 411 abactis.
1174 358 1212 415 97

76 514 215 579 verimus;
236 513 342 584 reliqua
358 514 449 579 enim,
468 512 617 584 dequibus
630 512 829 579 disseruimus,
848 523 895 569 aut
911 514 976 571 inde
993 525 1214 587 consequuntur,

75 613 125 658 aut
138 604 167 658 in
179 603 283 674 apertis
295 610 451 658 versantur.

113 694 222 749 Nicaena
245 693 382 766 synoduS,
400 693 534 748 adversus
550 691 680 747 brianam
698 693 826 749 baeresim
844 702 952 760 coacta,
976 704 1121 767 postquam
1144 700 1215 755 reci-

77 782 146 838 tavit
164 781 227 838 lidci
247 782 416 854 symbolum,
436 769 542 851 inquo
564 779 730 851 profitentur
749 782 845 837 Patres
860 797 892 837 se
912 800 927 833 c
946 784 1051 838 credere
1074 784 1215 842 inlesum

75 870 218 926 Christum
243 870 344 925 Filium
370 869 488 935 Dei...,
512 875 624 935 atatam,
651 885 706 924 aaa
732 871 852 939 sactum,
876 886 1137 928 cousunsraurmcnrr
1161 875 1216 931 Pa·

75 962 116 1015 tta·
139 958 184 1034 (l)
198 979 229 1026 a,
249 959 307 1016 Arii
328 959 484 1015 doctrinam
504 959 615 1014 damnat
637 967 666 1014 et
686 961 862 1017 anathemate
887 962 1013 1032 percellit
1036 962 1081 1020 bis
1101 965 1216 1022 verbis:

78 1050 268 1107 (climactera
284 1052 333 1120 qai
347 1051 440 1105 dicant
454 1067 463 1104 .·
476 1057 537 1104 erat
556 1048 705 1119 aliqnando
727 1052 837 1122 quando
855 1068 911 1109 non
933 1061 1006 1119 crat,
1027 1062 1055 1110 et
1070 1063 1218 1126 antequam

76 1150 252 1208 nasceretur,
268 1156 323 1196 non
345 1147 420 1206 erat;
433 1148 461 1195 et
478 1139 542 1210 qnia
555 1155 589 1194 ex
608 1139 643 1196 iis
656 1156 718 1211 quae
730 1157 787 1196 non
800 1150 865 1197 sunt
878 1141 967 1198 iactus
986 1151 1043 1209 est;
1056 1151 1104 1198 ant
1118 1159 1152 1199 ex
1165 1146 1218 1201 alia

77 1232 233 1288 substantia
244 1232 289 1288 vel
305 1232 426 1287 essentia
439 1231 537 1286 dicunt
550 1246 625 1297 esse,
639 1231 684 1286 vel
700 1240 835 1299 creatum,
850 1233 893 1289 vel
908 1233 1082 1301 mutabilem,
1095 1236 1140 1291 vel
1153 1250 1219 1292 con-

76 1322 234 1378 vertibilem
248 1321 337 1376 filium
351 1320 416 1387 Dei,
432 1322 647 1376 anathematizat
660 1322 791 1378 catholica
804 1330 828 1377 ct
842 1325 990 1394 apostolica
1003 1324 1122 1381 Ecclesia
1134 1325 1189 1402 (ἓ).
1201 1347 1217 1380 »

77 1411 203 1468 Primum
216 1426 281 1484 ergo
294 1411 392 1482 synodi
405 1412 501 1467 Patres
514 1411 627 1467 tradunt
639 1411 792 1468 doctrinam
802 1430 884 1485 quam
898 1430 981 1470 unam
995 1431 1089 1471 veram
1101 1417 1217 1486 babent,

78 1502 179 1559 deinde
195 1517 260 1559 vero
277 1501 407 1571 rejiciunt
423 1511 452 1558 et
468 1518 483 1556 a
499 1501 715 1557 christianorum
732 1505 871 1560 consortio
888 1504 1000 1562 avulsos
1014 1505 1156 1563 declarant
1170 1523 1220 1566 eos

78 1610 177 1652 omnes
201 1593 249 1665 qni
275 1592 400 1664 opposita
425 1593 553 1666 dogmata
583 1602 734 1648 sectentur.
760 1594 874 1654 Decreta
898 1604 992 1652 antem
1017 1597 1168 1667 probarunt
1191 1608 1219 1655 et

79 1685 305 1756 subscripserunt
326 1683 444 1739 trecenti
464 1683 559 1739 decem
580 1691 609 1738 et
626 1692 687 1739 octo
708 1684 845 1757 episcopi,
867 1685 916 1757 qni
937 1687 967 1742 in
984 1687 1081 1743 eodem
1097 1688 1219 1746 Concilio

79 1783 267 1832 convenerant
284 1771 342 1849 (b).

119 1863 417 1936 Constantinopolitani
440 1864 536 1920 Patres
557 1864 586 1919 in
608 1863 683 1920 hunc
704 1864 817 1924 modum
839 1865 893 1938 ipsi
914 1866 1039 1924 referunt
1060 1867 1127 1941 quid
1146 1869 1220 1926 circa

79 1957 162 2015 iidem
172 1957 322 2014 statuerint
333 1972 340 2011 :
351 1974 367 2007 c
375 1955 476 2011 Breues
486 1955 726 2026 pronuntiavimus
739 1954 928 2024 definitiones,
940 1958 1043 2030 quibus
1055 1967 1084 2016 et
1093 1961 1220 2029 Patrum,

78 2048 127 2120 qui
144 2047 243 2104 Nicaeae
260 2044 417 2119 congregati
437 2045 565 2112 luerunt,
584 2045 667 2102 tidem
686 2046 926 2115 confirmavimus3
946 2057 989 2117 et,
1009 2065 1071 2121 quae
1087 2050 1221 2108 adversus

79 2153 140 2194 eam
158 2137 262 2193 obortae
282 2144 365 2202 sunt,
382 2151 527 2206 perversas
546 2136 666 2192 haereses
683 2152 716 2192 ac
734 2153 833 2208 pravas
853 2138 998 2209 opiniones
1017 2150 1139 2197 extrema
1156 2157 1221 2199 cum

79 2228 253 2284 execratione
270 2241 304 2283 ac
321 2225 505 2284 detestatione
523 2226 730 2298 reprobavimus
750 2225 810 2301 (l).
824 2247 839 2280 o
859 2227 995 2296 Quoniam
1014 2246 1113 2303 nempe
1131 2229 1222 2288 Semi-

80 2318 183 2384 ariani,
198 2333 317 2390 qnorum
334 2333 412 2374 error
425 2327 492 2374 tunc
502 2317 636 2390 temporis
649 2317 787 2390 praecipue
798 2319 987 2392 grassabatur,
999 2318 1119 2392 Spiritus
1132 2323 1221 2379 sancti

78 2411 252 2467 divinitatem
270 2409 482 2484 impugnabant,
499 2407 836 2480 Constantinopolitanum
849 2408 1016 2477 Concilium,
1029 2412 1125 2468 relatis
1137 2412 1222 2469 Nicae-

80 2501 109 2555 ni
140 2500 256 2574 symboli
283 2500 416 2556 adversus
448 2498 565 2555 Arianos
587 2498 810 2566 definitionibus,
831 2499 914 2556 latins
941 2501 1043 2558 evolvit
1068 2517 1101 2558 ac
1126 2501 1223 2558 definit

80 2592 210 2648 Ecclesiae
227 2590 309 2646 fidem
327 2590 399 2645 circa
416 2589 550 2660 Spiritum
567 2599 708 2656 sanctum,
722 2597 750 2645 et
762 2588 1010 2648 Semi-arianorum
1025 2591 1179 2647 doctrinam
1194 2601 1222 2646 ut

81 2681 243 2736 haereticam
262 2678 438 2736 condemnat.

118 2768 183 2823 llaec
201 2769 236 2823 de
254 2767 359 2838 Spiritu
378 2775 474 2822 sancto
489 2775 620 2837 tanquam
640 2785 733 2824 veram
751 2770 968 2826 christianorum
985 2770 1067 2827 fidem
1086 2773 1220 2829 tradunt:

82 2878 97 2910 (ι
114 2857 256 2913 Credimus
278 2858 307 2912 in
330 2855 464 2928 Spiritum
483 2864 627 2923 sanctum,
647 2859 794 2913 Dominum
812 2867 842 2914 et
861 2858 1064 2926 vivificantem,
1087 2877 1121 2917 ex
1140 2863 1223 2919 Patre

81 2947 289 3019 procedentem,
305 2956 333 3002 et
347 2962 410 3002 cum
427 2947 507 3003 Patre
525 2955 552 3002 et
570 2947 640 3004 Filio
655 2948 825 3005 adorandum
841 2959 871 3006 et
886 2951 1159 3025 conglorificandum,
1171 2955 1219 3026 qui

81 3042 191 3096 locutus
204 3047 247 3094 est
260 3054 309 3110 per
325 3037 475 3109 propbetas
494 3036 577 3112 (5).»

117 3128 163 3185 Sic
174 3137 266 3184 autem
279 3129 308 3184 in
323 3128 413 3200 primo
426 3144 531 3185 canone
546 3129 664 3186 Nicaenae
678 3131 776 3206 synodi
793 3133 875 3188 iidem
888 3131 1051 3190 confirmant
1063 3134 1223 3206 pariterque

80 3221 282 3278 Semi-arianos
300 3236 355 3275 una
377 3235 442 3276 cum
463 3219 526 3276 aliis
546 3221 683 3278 haereticis
702 3222 855 3279 damnant:
878 3223 968 3281 «llaec
986 3224 1169 3282 decreverunt
1189 3240 1222 3281 ac

80 3321 239 3370 statuerunt
255 3311 392 3385 episcopi,
406 3310 454 3382 qui
466 3310 554 3384 gratia
567 3311 616 3366 Dei
630 3327 664 3366 ex
678 3312 796 3369 diversis
815 3314 965 3385 provinciis
982 3315 1221 3387 Constantinopoli

112 3459 164 3524 (t)
179 3477 192 3507 u
202 3457 353 3525 Htcrcnopcv
374 3457 450 3516 εἰς...
469 3456 557 3512 Ιησουν
574 3454 686 3526 Χριστον
704 3475 747 3508 τον
763 3457 815 3509 υἱον
834 3476 877 3508 του
892 3462 990 3510 θεου...
1006 3461 1172 3525 quomam,
1194 3460 1223 3510 οὒ

78 3542 235 3601 sarabara,
249 3537 382 3607 ὁμοουσιον
401 3558 436 3606 τῳ
451 3555 534 3609 carpe.
548 3557 562 3590 n
577 3556 617 3607 ap.
630 3537 773 3599 Labbeum,
790 3546 809 3590 t.
822 3540 860 3601 ll,
880 3539 928 3590 col.
946 3543 988 3589 27.

113 3624 158 3688 (Ξ)
171 3639 186 3672 a
198 3620 264 3678 Τους
281 3614 308 3671 ds
323 3627 455 3690 λεγοντας·
467 3623 497 3676 ἣν
513 3640 572 3672 ποτε
588 3619 628 3670 ὅτε
645 3621 691 3672 οὐκ
708 3620 751 3683 t'rv,
769 3636 812 3670 και
830 3636 884 3690 supro
897 3622 1048 3688 γεννηδηναι
1062 3618 1108 3671 οὐκ
1124 3639 1168 3682 ην,
1180 3636 1224 3671 και

77 3705 118 3755 ὁτι
134 3705 159 3766 ἐξ
177 3704 224 3756 aba
237 3701 314 3754 ὀντων
332 3705 439 3772 ἐγενετο,
458 3704 473 3756 ἠ
494 3706 518 3767 ἐξ
536 3705 617 3774 &cepae
634 3705 794 3760 ὑποστασεως
809 3701 825 3756 t't
843 3701 930 3759 οὒσιας
949 3718 1094 3769 φασκοντας
1114 3701 1223 3765 ειναι,ἡ

77 3803 192 3850 actores,
213 3787 229 3839 d
247 3787 399 3848 ἀλλοιωτον,
413 3787 429 3840 ἡ
445 3805 545 3856 τρεπτον
562 3806 604 3838 τον
622 3787 675 3838 btov
693 3806 736 3838 cco
750 3791 821 3837 dano·
836 3805 936 3842 τουτους
956 3784 1136 3850 ἀναδεματιζιι
1152 3783 1224 3838 ἠκα-

78 3873 170 3924 Scitam
187 3887 230 3919 και
247 3869 401 3924 &abacelam
419 3871 549 3925 ἐκκλησια.
563 3888 576 3921 >t
589 3872 651 3921 iord.

113 3957 156 4021 (ὅ)
168 3955 214 4022 lp.
227 3954 320 4016 Labb,
332 3955 380 4004 col.
394 3957 436 4005 50.

112 4040 142 4101 (a
149 4040 158 4100 )
170 4039 233 4088 rota.
248 4038 296 4088 001.
309 4041 367 4087 aas.

112 4118 156 4182 (5)
168 4136 182 4168 a
195 4117 345 4186 Iltccsocpsv
358 4117 391 4176 εἰς
408 4137 436 4168 το
453 4134 548 4184 ascopa
565 4136 593 4168 το
609 4115 694 4184 ἅγιον,
709 4132 738 4165 το
757 4112 866 4181 Kromna,
885 4133 913 4166 το
937 4117 1073 4176 (ancorae,
1091 4131 1119 4165 το
1138 4113 1165 4162 ἐκ
1180 4130 1223 4163 του

77 4217 173 4268 carpos
187 4203 396 4269 iaccpsocpsvov,
412 4218 440 4251 το
457 4217 500 4256 ,συν
517 4215 592 4268 carpe
609 4214 653 4248 και
671 4196 717 4262 tuq
733 4213 994 4267 συμπροσκυνουμενον
1012 4213 1056 4248 και
1072 4188 1224 4257 anabola&-

78 4300 166 4349 μενον,
187 4302 214 4334 το
231 4289 345 4338 talanat
363 4277 407 4332 ita
426 4302 474 4334 των
487 4300 630 4352 προφητων,
642 4299 656 4332 a
667 4282 731 4332 ibid.
748 4280 796 4331 col.
815 4284 871 4331 934.

1037 4392 1076 4447 lb
