3150 5160
165 367 331 411 urrnrsuns
345 368 384 410 nn
398 368 584 412 scmrrnnuu
600 367 618 409 ιι
633 367 759 411 srnnuss
775 367 1021 412 accouuooxros.
1134 355 1194 415 tta

62 512 144 585 llojus
165 511 231 569 lacti
250 512 322 569 ratio
343 512 473 569 afferatur
494 528 609 570 necesse
627 522 683 580 est,
711 523 742 569 ut
760 514 853 585 aliqua
876 515 933 571 veri
955 515 1047 586 specie
1065 516 1198 573 consistat

61 604 233 677 llytbismus,
250 613 333 674 atque
354 604 392 658 ita
408 604 594 659 Naturalismo
613 603 731 674 supponi
751 613 843 674 queat.

91 693 147 768 Age
158 710 225 750 tero
239 695 293 749 hnc
305 693 364 749 sere
377 693 537 750 summatim
553 692 681 749 recidunt
694 709 755 764 quae
768 693 839 748 hanc
856 694 885 749 in
899 710 956 750 rem
970 694 1061 752 fusius
1074 695 1198 768 disputat

60 785 177 842 Stranss.
195 785 289 841 Primo
311 784 436 856 quidem,
460 783 692 855 quemadmodum
710 784 814 839 Paulus
835 793 863 839 et
885 784 977 839 caeteri
1000 786 1196 854 rationalistae,

59 884 151 931 auctor
168 874 208 929 ait
226 874 320 930 lesum
339 889 436 944 reapse
455 873 599 938 extitisse,
613 871 796 943 eumdemque
809 871 950 939 doctrina,
966 873 1115 945 sapientia,
1134 876 1200 932 reli-

58 965 136 1040 gione
148 965 337 1036 perillustrem
352 979 359 1018 :
375 964 417 1019 vir
430 963 491 1031 ille,
506 962 745 1034 praestantissimis
758 963 883 1018 omnium
900 972 1012 1018 aetatum
1026 965 1199 1037 philosophis

58 1057 151 1128 procul
169 1057 254 1113 dubio
272 1054 472 1120 accensendus,
493 1054 641 1127 lugendam
659 1053 801 1126 religionis
824 1063 851 1110 et
871 1052 963 1110 cultus
984 1055 1087 1126 publici
1105 1057 1201 1113 condi-

57 1147 160 1204 tionem
185 1163 319 1213 cernens‚
345 1162 455 1202 summo
480 1145 572 1201 studio
597 1145 740 1200 contendit
766 1145 913 1215 populares
939 1160 1005 1201 suos
1031 1144 1065 1200 ad
1090 1147 1200 1203 saniora

56 1236 166 1294 decreta
182 1253 312 1293 revocare
329 1243 357 1291 et
374 1234 529 1291 incultioris
546 1234 597 1290 aevi
615 1234 741 1290 rudiores
758 1235 888 1290 notiones
905 1235 1061 1291 emendare.
1082 1235 1117 1291 llt
1135 1236 1201 1292 huic

55 1327 173 1385 consilio
192 1326 301 1384 obstitit
314 1325 468 1396 judaeorum
488 1340 639 1399 synagoga3
658 1341 719 1395 quae
738 1324 840 1381 timens
858 1341 893 1381 ne
909 1341 977 1382 nova
997 1326 1122 1381 doctrina
1136 1327 1197 1382 lon-

53 1418 119 1494 gius
135 1426 273 1490 serperet,
295 1433 360 1473 eum
377 1417 470 1472 virum
491 1416 624 1487 probrosa
649 1425 738 1470 morte
760 1414 860 1471 affecit.
885 1417 1004 1472 Proinde
1026 1417 1071 1472 sui
1095 1417 1200 1491 ingenii

54 1508 157 1580 suique
173 1524 238 1582 erga
256 1508 384 1565 homines
402 1505 504 1562 amoris
519 1519 615 1577 poenas
633 1505 835 1563 acerbissimas·
847 1507 924 1562 dedit
942 1508 1125 1579 philosophus
1141 1510 1198 1566 ille.

53 1599 196 1655 Plurimos
212 1607 305 1653 tamen
324 1597 398 1652 inter
414 1595 521 1666 jndaeos
539 1603 638 1652 nactus
657 1604 716 1651 erat
734 1594 902 1667 discipulos,
922 1598 969 1668 qui
990 1599 1116 1669 pietatis,
1134 1599 1200 1656 doe·

52 1690 137 1747 trinae
157 1690 330 1759 aliarumque
353 1688 454 1758 quibus
478 1687 626 1758 praestabat
647 1687 744 1743 dotum
767 1686 950 1743 admiratione
971 1689 1062 1760 capti,
1084 1705 1146 1744 eum
1169 1698 1201 1745 nt

54 1779 198 1834 bominem
215 1793 287 1849 pene
301 1777 428 1833 divinum
447 1778 594 1833 habebant.
614 1777 680 1832 llaec
697 1792 794 1833 eorum
812 1777 973 1842 admiratio,
991 1789 1022 1834 ut
1039 1778 1100 1833 lieri
1116 1779 1199 1844 solet,

54 1879 120 1940 post
137 1869 198 1940 ejus
218 1875 334 1924 mortem
356 1866 475 1922 multum
495 1868 596 1933 crevit,
617 1878 645 1924 et
664 1869 702 1923 ita
721 1868 846 1939 quidem,
868 1878 898 1924 ut
917 1869 1050 1940 paulatim
1070 1885 1201 1940 processu

55 1958 192 2030 temporis
214 1956 362 2013 invaluerit
383 1958 496 2028 opinio,
519 1959 611 2015 virum
637 1958 722 2014 istum
748 1973 810 2014 esse
834 1959 869 2015 ab
890 1959 1072 2015 humanitatis
1098 1959 1201 2015 linibus

55 2059 196 2107 remotum
212 2064 245 2104 ac
263 2048 365 2104 summi
384 2049 433 2105 Dei
449 2049 547 2106 lilium.
565 2051 599 2105 Et
615 2065 681 2105 vero
696 2048 825 2119 quoniam
843 2049 901 2119 jam
918 2049 986 2104 olim
1006 2049 1081 2104 inter
1095 2047 1202 2120 judaeos

57 2157 92 2198 ex
119 2155 265 2212 perperam
291 2140 441 2196 intellectis
463 2140 629 2212 quibusdam
653 2139 787 2194 librorum
810 2140 979 2211 poeticorum
1005 2140 1107 2196 veteris
1135 2140 1203 2196 Tes-

57 2229 174 2286 tamentl
205 2230 352 2286 sententiis
380 2240 440 2287 orta
469 2240 528 2288 erat
555 2231 648 2303 opinio
670 2230 728 2286 lore
755 2238 786 2285 ut
807 2230 873 2286 olim
906 2246 999 2286 rerum
1027 2232 1201 2303 potirentur,

57 2318 131 2390 quod
151 2333 200 2374 rex
218 2333 251 2374 ac
270 2319 403 2376 liberator
421 2329 576 2391 praepotens
593 2336 609 2375 a
629 2322 686 2377 lieo
705 2320 877 2387 mitteretur;
898 2336 1078 2393 quacumque
1097 2322 1131 2378 de
1151 2323 1204 2379 hoc

55 2410 157 2466 llessia
178 2409 270 2466 lutum
291 2411 422 2482 ajudaeis
442 2420 507 2467 ante
526 2411 589 2466 sicta
608 2411 718 2468 fuerant
736 2427 913 2483 assumpsere
931 2413 997 2469 iesu
1015 2413 1159 2484 discipuli,
1175 2421 1204 2470 et

55 2500 89 2556 ad
103 2500 268 2573 magistrum
280 2500 424 2557 reserenda
437 2502 585 2558 duxerunt.
599 2501 687 2569 Quem
701 2519 785 2573 quum
798 2502 926 2558 Messium
940 2518 1068 2559 essenon
1082 2503 1202 2573 amplius

51 2589 242 2663 ambigerent,
257 2606 366 2647 summo
384 2592 476 2648 studio
494 2593 647 2648 curandum
664 2591 733 2664 ipsis
751 2600 810 2646 erat
828 2599 858 2646 ut
881 2592 973 2648 omnia
989 2608 1050 2663 quae
1069 2593 1097 2647 in
1112 2593 1201 2648 veteri

55 2679 233 2735 Testamento
256 2693 307 2733 ceu
326 2678 457 2733 vaticinia
479 2681 514 2734 de
531 2680 631 2735 Massia
653 2679 897 2744 existimabantur,
918 2678 954 2734 ad
976 2681 1139 2754 magistrum
1158 2696 1204 2737 ac-

55 2767 278 2832 commodarent3
299 2776 327 2821 et
349 2769 481 2837 quoniam
502 2769 635 2824 miracula
657 2779 685 2824 et
708 2777 834 2840 portenta
857 2769 977 2840 plurima
995 2770 1122 2826 editurus
1145 2780 1204 2826 erat

55 2856 187 2921 Messias,
201 2871 285 2927 quem
300 2856 356 2913 sibi
372 2871 407 2910 ex
420 2856 483 2912 istis
495 2857 635 2912 vaticiniis
656 2857 795 2931 tingebant
810 2858 908 2930 judaei,
923 2859 984 2915 ideo
1001 2860 1042 2915 illi
1060 2861 1204 2917 innumera

56 2964 144 3021 prope
160 2947 238 3022 signa
253 2948 423 3003 tribuerunt.
440 2948 475 3003 Et
492 2964 573 3019 porro
591 2958 737 3020 postquam
758 2949 895 3020 ejusmodi
915 2951 1089 3006 narrationes
1102 2951 1132 3006 in
1143 2950 1205 3006 vul-

48 3054 109 3114 -gus
126 3047 170 3094 sat
186 3039 306 3093 multum
325 3046 420 3094 essent
432 3037 631 3105 disseminatae,
646 3039 772 3094 nonnulli
790 3039 856 3095 iesu
874 3040 1005 3112 discipuli
1025 3055 1072 3096 eas
1091 3039 1204 3096 tandem

57 3129 162 3199 scripto
175 3127 352 3183 mandarunt.
367 3127 438 3183 llinc
450 3128 561 3185 demum
575 3139 635 3187 orta
648 3147 709 3202 quae
724 3146 799 3187 nune
815 3130 949 3186 habemus
962 3131 1119 3204 Evangelia.

94 3216 136 3271 En
147 3230 215 3288 ergo
226 3213 409 3272 rationalismi
427 3217 541 3289 mythici
557 3218 749 3277 admirandum
762 3236 829 3277 sane
842 3219 955 3276 soetumi
970 3222 1012 3277 En
1025 3237 1079 3291 qua
1092 3221 1199 3277 ratione

58 3307 271 3380 Evangeliorum
284 3316 377 3363 ortum
399 3307 524 3363 decernit
545 3310 751 3380 explicandum!
768 3312 809 3366 Eu
831 3311 914 3366 etiam
943 3327 997 3382 quo
1017 3311 1204 3382 scepticismi‚

59 3397 179 3454 inscitiae
193 3399 272 3468 juxta
289 3413 321 3453 ac
338 3397 489 3469 impietatis
507 3399 622 3456 adduxit
641 3417 729 3457 canon
749 3401 802 3456 iste
820 3415 983 3473 exegeseos,
1002 3400 1072 3454 nibil
1093 3399 1205 3470 penitus

59 3489 244 3555 credendum,
261 3497 290 3544 et
307 3488 424 3555 idcirco,
439 3497 470 3545 ut
484 3489 541 3560 jam
559 3491 626 3546 olim
641 3491 872 3547 animadverterat
888 3492 1056 3555 Bossuetus,
1073 3488 1204 3544 christia·

60 3579 184 3634 nismnm
202 3578 364 3633 universum
381 3578 502 3634 anilibus
519 3578 619 3635 sabulis
638 3580 863 3653 aequiparandum
882 3596 961 3647 esse,
978 3581 1066 3636 donec
1085 3578 1205 3650 quisquc

60 3669 173 3742 proprio
186 3669 278 3725 studio
290 3669 447 3742 Scripturas
461 3672 628 3742 pervolverit
641 3683 715 3729 etex
728 3672 770 3729 eis
782 3671 925 3744 religionis
936 3670 1046 3726 decreta
1059 3669 1206 3739 depromp-

61 3760 144 3816 serit!
160 3760 256 3815 Aniles
275 3767 382 3815 tantum
400 3760 507 3816 labulas
523 3777 586 3818 esse
604 3762 749 3835 Evangelia
770 3759 883 3816 exordio
904 3765 1061 3828 sumpserat
1080 3757 1206 3823 Stranss,

61 3859 105 3918 et,
119 3850 301 3921 inquisitione
314 3849 458 3917 instituta,
471 3850 505 3905 ab
518 3851 571 3906 bac
586 3853 722 3907 sententia
735 3850 919 3907 recedendum
932 3863 987 3903 non
1002 3846 1124 3918 putavit!

71 3972 74 3977 -
98 3939 134 3995 m
151 3948 182 3996 ut
207 3954 271 3996 vera
295 3939 354 3995 baec
377 3940 446 4006 sint,
469 3940 610 4012 paulisper
624 3951 718 3997 tamen
731 3940 937 4011 inspiciendum
958 3953 1012 4011 quo
1028 3938 1207 3996 fundamento

51 4031 189 4087 vnitantur
206 4046 238 4086 ea
261 4030 425 4087 somniantis
442 4031 528 4087 animi
545 4030 736 4087 deliramenta.
754 4031 850 4101 Neque
869 4031 943 4086 enim
966 4029 1035 4086 satis
1052 4038 1095 4086 est
1119 4029 1206 4100 hypo·

62 4119 166 4177 thesim
191 4121 343 4191 quamlibet
367 4122 537 4196 excogitasse
561 4136 593 4175 ac
616 4121 708 4177 altiori
734 4136 802 4176 voce
826 4121 1022 4192 praedicasse:
1046 4121 1099 4176 boc
1123 4117 1204 4172 modo

63 4210 170 4280 concipi
191 4217 277 4281 potest
296 4211 380 4268 vitam
407 4212 472 4269 lesu
494 4211 653 4268 adornatam
678 4211 779 4279 tuisse3
798 4211 886 4287 logica
904 4212 1032 4284 probibet
1054 4205 1205 4281 quominus

64 4299 130 4354 inde
145 4301 326 4357 concludatur
341 4317 348 4356 ι
362 4316 426 4374 ergo
443 4301 481 4359 ita
499 4317 592 4371 reapse
609 4300 661 4357 suit
678 4302 819 4359 adornata.
