3166 5168
321 374 346 417 s.
363 371 566 427 ruousrrnus,
582 369 779 416 nrrronunsrs
794 369 966 415 nrrscorus.
1177 356 1214 416 8l

71 527 184 598 utrique
204 521 400 586 consentimus,
420 522 530 591 utrique
551 519 685 584 cedimus,
707 516 818 589 utrique
834 517 968 573 cernimus
984 532 991 572 ε
1008 515 1046 573 ibi
1064 532 1221 590 quaeramus

73 613 243 679 Ecclesiam,
266 611 306 666 ibi
329 610 513 666 discutiamus
534 623 646 665 causam
668 615 792 663 nostram
813 604 871 680 (l).
886 625 901 659 n

112 704 145 759 Et
164 701 277 773 quidem
296 702 358 756 sine
381 699 439 756 ullo
454 699 510 756 lere
530 698 676 772 negotioe
701 697 845 769 Scriptura
867 697 937 754 solvi
958 706 1066 769 poterat
1088 697 1222 768 quaestio;

74 808 163 866 quum
176 791 268 855 euim,
289 789 331 846 uti
351 798 448 845 notum
465 796 527 857 est,
547 787 753 844 clamitantibus
773 787 940 855 Donatistis,
954 787 984 843 iu
999 788 1155 845 arctissimo
1168 797 1224 845 ter·

75 897 173 938 rarum
193 878 294 952 angulo
318 877 399 949 quasi
416 876 579 933 abscondita
602 877 738 934 latitasset
756 877 895 945 Ecclesia,
916 877 983 933 satis
998 886 1057 934 erat
1078 876 1224 935 innumera

78 988 165 1046 prope
187 986 219 1027 ea
242 978 302 1026 tum
329 967 431 1024 veteris
455 976 516 1023 tum
535 967 599 1025 noui
619 969 787 1025 Testamenti
807 969 866 1024 loca
889 967 1009 1025 excitare
1031 967 1079 1024 ubi
1101 968 1224 1025 Ecclesia

79 1062 109 1118 in
123 1062 221 1118 orbem
236 1059 398 1116 universum
412 1055 592 1114 diffundenda
606 1057 729 1114 dicitur:
746 1055 818 1129 quod
833 1056 937 1128 optime
950 1056 1080 1128 praestitit
1095 1056 1223 1132 egregius

79 1153 187 1208 doctor.

117 1241 285 1311 Priusquam
307 1253 373 1295 vero
396 1236 604 1307 scalpturarum
626 1236 786 1294 testimonia
808 1236 838 1292 in
860 1235 983 1293 medium
1009 1236 1141 1304 adducat,
1164 1237 1225 1294 haec

80 1330 212 1403 praeclare
231 1327 346 1384 disserit
360 1326 395 1382 de
413 1326 552 1382 indivulso
571 1341 685 1397 prorsus
704 1327 814 1384 vinculo
836 1344 890 1400 quo
908 1327 1036 1384 Christus
1053 1336 1081 1384 et
1100 1328 1225 1385 Ecclesia

81 1421 156 1476 inter
174 1435 206 1475 se
222 1418 375 1492 jungantur
392 1433 400 1472 ε
420 1436 434 1469 «
449 1417 535 1473 Totus
557 1415 686 1472 Christus
705 1427 788 1489 caput
810 1427 838 1474 et
860 1432 961 1488 eorpus
982 1426 1034 1473 est.
1054 1416 1142 1489 Caput
1163 1418 1226 1475 uni-

81 1509 193 1584 genitus
212 1508 262 1565 liei
282 1507 375 1574 filius,
393 1515 421 1564 el
444 1523 545 1578 corpus
563 1506 624 1578 ejus
641 1507 778 1575 Ecclesia,
796 1523 916 1580 sponsus
936 1517 965 1564 et
983 1522 1098 1579 sponsa,
1121 1507 1177 1566 duo
1196 1507 1225 1564 in

83 1613 167 1655 carne
181 1613 244 1653 nna.
267 1595 441 1668 Quicumque
458 1598 494 1653 de
513 1597 574 1668 ipso
589 1597 679 1668 capite
697 1598 731 1654 ab
751 1597 903 1670 Scripturis
918 1598 1021 1654 sanctis
1040 1598 1225 1666 dissentiunt,

83 1690 168 1747 etiam
183 1690 249 1745 siin
264 1689 393 1745 omnibus
414 1688 484 1745 locis
503 1687 681 1745 inveniantur
693 1689 722 1745 in
741 1689 842 1762 quibus
861 1689 984 1745 Ecclesia
1004 1689 1146 1764 designata
1167 1698 1225 1757 est,

83 1794 138 1834 uon
157 1787 224 1834 suut
241 1778 270 1833 in
292 1777 427 1833 Ecclesia.
451 1778 486 1832 Et
511 1792 610 1833 rursus
630 1776 797 1848 quicumque
815 1775 850 1833 de
870 1777 931 1848 ipso
956 1776 1047 1848 capite
1075 1777 1228 1849 Scripturis

82 1870 187 1927 sanctis
207 1871 402 1936 consentiunt,
421 1874 445 1923 ct
464 1869 568 1929 unitati
584 1868 709 1924 Ecclesico
727 1885 783 1924 noo
803 1869 1017 1936 communicant,
1035 1885 1092 1924 oon
1113 1875 1178 1924 suot
1196 1871 1228 1924 io

81 1961 216 2025 Ecclesia·
237 1961 304 2031 quio
327 1961 358 2014 dc
381 1957 488 2016 Christi
506 1975 631 2030 corpore,
650 1958 722 2028 quod
739 1962 778 2012 est
799 1957 935 2024 Ecclesia,
954 1957 990 2013 ob
1012 1958 1102 2028 ipsius
1124 1956 1229 2015 Christi

83 2052 269 2120 testificatione
295 2049 461 2105 dissentiunt
485 2046 526 2123 (2
542 2047 596 2123 l.»
620 2047 740 2104 Proinde
767 2046 895 2104 Christus
921 2056 950 2104 et
971 2047 1094 2104 Ecclesia
1119 2047 1229 2124 sejungi

82 2142 158 2197 nulla
177 2141 285 2197 ratione
304 2148 433 2212 possunt;
451 2144 517 2195 runt
535 2141 589 2195 duo
607 2141 638 2194 in
655 2154 737 2194 corne
755 2154 829 2207 uno,
849 2138 953 2212 quique
976 2139 1011 2195 ab
1027 2139 1151 2198 Ecclesia
1169 2141 1229 2198 dis-

83 2232 184 2296 sentit,
199 2232 224 2288 is
236 2246 253 2286 a
266 2229 377 2289 Christo
390 2245 500 2302 quoque
512 2229 622 2287 deficiat
636 2244 751 2285 necesse
763 2238 817 2285 est.

123 2321 190 2390 Quae
210 2338 296 2394 quum
315 2323 354 2378 ita
370 2338 401 2378 se
421 2322 552 2389 habeant,
566 2320 672 2392 liquido
690 2334 757 2376 sane
775 2327 884 2375 constat
896 2317 925 2375 id
938 2319 1011 2392 quod
1024 2319 1154 2392 superius
1172 2320 1230 2377 aie·

85 2415 166 2478 bam,
191 2413 293 2469 ibidem
311 2413 465 2470 constituta
484 2410 649 2484 principiaa
666 2409 882 2482 protestantium
901 2409 1031 2467 methodo
1053 2411 1166 2482 penitus
1183 2411 1231 2466 ab·

86 2504 209 2560 horrere.
224 2504 276 2570 ht,
297 2513 545 2576 quantumcunque
565 2501 634 2557 illud
650 2516 747 2558 uerum
769 2515 802 2556 ac
822 2500 1008 2556 indubitatum
1025 2500 1125 2568 luerit,
1146 2501 1232 2572 probe

85 2601 178 2649 tamen
197 2594 475 2650 animadvertendum
493 2603 537 2650 est
555 2593 602 2649 hic
619 2592 654 2647 ab
666 2591 822 2664 Augustino
834 2589 1032 2662 disputationis
1045 2592 1118 2646 viam
1135 2592 1231 2646 relati-

86 2699 163 2748 oom,
184 2698 240 2739 non
254 2684 408 2738 absolutam
420 2683 496 2737 iniri.
511 2682 542 2737 ln
556 2683 608 2738 boc
621 2681 728 2737 scilicet
743 2681 814 2736 libro
827 2697 882 2736 non
895 2681 975 2737 docet
987 2682 1061 2755 leges
1073 2697 1105 2738 ac
1121 2683 1231 2755 regulas

87 2786 157 2841 quas
169 2770 199 2825 in
220 2770 353 2825 Ecclesiae
372 2770 610 2826 demonstratione
623 2787 688 2826 vere
701 2770 856 2827 methodica
875 2770 975 2827 sectari
992 2780 1134 2843 oporteat,
1148 2787 1231 2844 quas·

90 2875 145 2930 que
157 2869 217 2915 tum
231 2860 334 2931 saepius
347 2859 429 2927 alibi,
442 2869 502 2914 tum
517 2859 600 2915 etiam
612 2860 641 2915 in
655 2868 772 2915 tractatu
783 2859 886 2916 Contra
894 2860 1045 2930 Epistulam
1057 2862 1232 2930 fundamenti

87 2949 216 3017 tradidit;
231 2951 295 3018 sed,
308 2951 382 3022 quod
396 2951 494 3007 crebro
507 2949 641 3007 adversus
657 2949 801 3006 haereticos
813 2950 988 3023 disputantes
1003 2952 1093 3009 iecere
1108 2953 1230 3029 theologi

87 3039 216 3096 catholici
231 3083 239 3107 ,
253 3055 286 3096 ex
298 3041 430 3113 utrinque
442 3041 586 3098 concessis
598 3049 822 3116 argumentatur,
836 3052 867 3099 ut
884 3051 960 3100 tanto
974 3043 1087 3100 brevius
1099 3045 1231 3102 Ecclesiae

87 3129 230 3185 catholicae
241 3130 387 3187 veritatem
400 3133 580 3189 demonstret.
591 3133 628 3188 Ea
639 3132 750 3205 quidem
763 3134 971 3208 argumentandi
985 3135 1132 3192 methodus
1142 3137 1230 3194 emol-

87 3220 189 3276 liendis
201 3229 250 3276 aut
262 3221 345 3277 etiam
360 3222 558 3279 convincendis
573 3223 766 3279 baereticorum
779 3224 881 3280 animis
897 3225 1061 3298 quandoque
1073 3221 1229 3283 accommo-

86 3311 177 3368 datior
189 3327 252 3368 esse
270 3313 387 3384 poterit;
405 3314 454 3386 qui
472 3322 566 3369 tamen
586 3329 648 3369 earn
666 3314 798 3371 adhibere
813 3315 934 3372 voluerit
951 3316 1107 3389 theologus,
1126 3315 1155 3371 id
1171 3331 1229 3387 prae

88 3403 177 3460 oculis
201 3419 311 3475 semper
336 3405 453 3473 habeat,
477 3403 534 3461 vim
560 3412 669 3460 tantum
693 3402 837 3460 relativam
862 3405 888 3460 ei
911 3405 1019 3472 inesse,
1050 3405 1173 3477 adeoque
1193 3405 1229 3463 ad

88 3496 226 3569 generalia
239 3496 441 3553 christianismi
457 3495 594 3569 principia
609 3495 664 3551 rite
676 3494 838 3566 exponenda
850 3494 924 3551 haud
937 3495 1063 3552 idoneam
1077 3510 1148 3552 esse.

126 3586 160 3642 Et
172 3601 239 3642 vero
251 3587 413 3658 neutiquam
426 3602 497 3658 opus
515 3594 558 3642 est
571 3585 713 3657 inquirere
724 3600 826 3642 verane
844 3599 880 3641 au
897 3583 965 3640 laisa
982 3583 1019 3642 sit
1034 3585 1228 3642 haereticorum

88 3675 364 3733 schismaticorumve
384 3686 458 3733 secta
482 3686 532 3733 aut
550 3677 693 3746 doctrina;
710 3677 763 3734 hoc
781 3677 857 3734 enim
875 3676 937 3748 ipso
952 3676 1026 3748 quod
1044 3676 1079 3731 ab
1097 3675 1227 3735 Ecclesia

88 3766 230 3822 catholicae
251 3766 445 3823 communione
469 3766 654 3835 desciverint,
678 3783 695 3823 a
714 3783 780 3825 uera
801 3767 855 3823 lide
876 3767 981 3839 pariter
1001 3766 1171 3824 deiecerunt.
1195 3768 1226 3826 ld

88 3864 222 3927 perpetuo
236 3856 329 3911 innuit
340 3856 526 3931 Augustinus,
540 3858 637 3915 crebro
650 3867 742 3914 autem
758 3857 851 3914 dedita
868 3873 950 3930 opera
970 3857 1102 3915 traditae
1119 3868 1224 3916 tuetur.

88 3943 135 3999 Sic
154 3944 183 4001 in
206 3945 276 4002 libro
295 3947 332 4001 lic
353 3964 417 4004 occu
438 3949 583 4018 retipioue,
597 3963 680 4020 quem
702 3964 735 4005 eo
756 3948 869 4020 scripsit
891 3947 1007 4005 consilio
1030 3957 1062 4005 ut
1081 3948 1224 4024 religionis

88 4033 247 4092 christianae
258 4036 404 4096 veritatem
423 4038 556 4096 adversus
574 4047 733 4114 grassantes
751 4038 965 4098 Manichaeorum
983 4055 1092 4099 errores
1108 4040 1224 4100 demon-

120 4199 168 4264 (1)
185 4201 246 4250 ibid.
261 4216 288 4250 n.
300 4205 325 4251 5.

120 4281 165 4347 (Ξ)
182 4284 244 4333 loth.
257 4300 283 4333 n.
297 4289 322 4334 ·1.
