3150 5160
216 348 275 409 168
370 362 484 408 hacun.
506 363 664 408 sanentur.
687 360 899 406 coartantibus
920 359 1007 405 Cll'ffl.
1029 360 1199 407 HETHODUS.

213 510 368 568 doctrinam
381 518 512 564 eruerent
524 508 660 576 defuisse,
674 516 703 564 at
715 505 876 563 christianis
889 521 945 562 uon
959 506 1035 563 item.
1046 505 1069 564 0
1082 507 1243 566 admiranda
1255 511 1356 585 ingenii

215 600 330 656 tarditas
350 599 541 670 stupendaque
560 599 644 655 nimis
662 598 818 654 animorum
835 595 960 653 caecitas!
976 597 1073 653 Libros
1090 607 1231 656 emortuos
1248 615 1300 656 nec
1312 617 1356 658 vo·

214 707 275 747 cem
298 691 381 746 edere
401 691 525 745 valentes
547 689 657 746 Christo
678 689 741 745 vivo
765 697 792 744 et
814 687 939 759 loquenti
960 696 1044 759 atque
1066 689 1193 746 homines
1219 689 1354 746 erudienti

215 778 364 853 supponis!
388 779 495 835 Novum
517 779 638 852 prolecto
661 788 689 835 et
712 780 906 835 inconsuetum
931 776 1046 834 docendi
1068 778 1172 851 genus!
1196 779 1270 835 Tene
1292 795 1354 854 ergo

214 871 285 944 fugit
304 871 391 927 libros
410 886 460 942 per
477 886 507 927 sc
524 871 594 926 nihil
609 871 674 927 vitae
688 887 720 926 ao
735 870 836 926 virium
853 869 970 935 habere,
984 884 1038 940 quo
1058 877 1086 924 et
1101 884 1131 925 sc
1146 870 1223 940 ipsos
1240 870 1313 925 tueri
1328 877 1354 927 et

214 962 341 1020 homines
358 961 473 1018 edocere
491 960 617 1033 possint?
629 962 764 1017 Emortua
780 961 873 1017 littera
888 969 971 1030 atque
987 958 1064 1014 humi
1079 958 1175 1029 jacens
1191 959 1353 1031 populorum

215 1054 346 1126 magistra
368 1069 400 1109 ac
423 1053 577 1126 institutrix
603 1053 814 1125 praedicabitur,
839 1067 900 1122 quae
926 1065 1024 1106 novam
1044 1050 1101 1106 illis
1126 1050 1245 1106 instillet
1270 1053 1353 1105 ollam

215 1159 318 1216 cosque
332 1160 444 1200 sursum
458 1144 567 1217 erigens
583 1144 665 1218 plene
678 1151 752 1199 etex
766 1151 823 1198 toto
835 1139 985 1198 instauret!
999 1140 1035 1197 ht
1047 1155 1112 1198 vcro
1126 1141 1150 1195 si
1163 1138 1352 1196 auctoritatem

216 1235 364 1290 sustuleris
383 1249 445 1305 quae
464 1234 550 1290 libros
572 1234 641 1291 istos
662 1235 747 1305 probe
767 1231 904 1289 custodiat
923 1232 1089 1302 cosdemque
1112 1240 1143 1285 ut
1163 1246 1229 1286 vere
1247 1230 1353 1289 divinos

214 1323 376 1379 christianis
390 1323 532 1392 exhibeat,
546 1340 599 1396 qua
615 1325 722 1380 ratione
735 1334 826 1390 certo,
840 1339 872 1379 ac
885 1331 967 1394 prout
980 1323 1102 1393 postulat
1117 1321 1157 1377 rei
1171 1331 1351 1389 momentum,

216 1413 326 1471 noveris
352 1413 494 1469 Christum
519 1425 686 1472 curassent
711 1431 772 1488 quae
798 1415 958 1472 bominibus
980 1413 1090 1469 tradere
1115 1413 1224 1468 volebat
1247 1413 1353 1472 decreta

215 1504 318 1576 scripto
337 1503 536 1576 proderentur?
556 1505 616 1573 Quo
635 1514 715 1578 pacto
733 1506 819 1562 libros
837 1506 906 1562 istos
923 1520 1016 1561 sacros
1029 1519 1061 1559 ac
1076 1502 1186 1559 divinos
1201 1518 1264 1559 csse
1276 1520 1352 1576 repc-

217 1595 272 1650 rire
289 1593 410 1666 poteris?
423 1596 507 1668 Finge
523 1596 574 1652 tibi
592 1596 700 1652 nullum
713 1612 728 1651 a
742 1595 852 1652 Christo
870 1595 1012 1652 conditum
1030 1594 1116 1650 luisse
1133 1594 1291 1650 institutum
1308 1594 1352 1649 hr-

215 1700 293 1740 mum
313 1700 345 1740 ac
358 1684 519 1752 immotum,
536 1686 641 1742 nullam
656 1686 773 1758 proinde
786 1687 965 1743 constitutam
981 1684 1068 1741 luisse
1087 1684 1248 1741 societatem
1266 1693 1352 1740 exter·

212 1791 293 1842 nam,
311 1775 467 1843 risibilem,
486 1776 598 1848 proprio
617 1777 774 1851 organismo
791 1786 929 1842 utentem,
947 1776 976 1831 iu
995 1791 1048 1847 qua
1067 1784 1095 1833 et
1113 1791 1129 1830 a
1148 1791 1203 1846 qua
1223 1790 1276 1830 una
1292 1789 1351 1830 oum

215 1866 321 1940 integra
334 1866 468 1939 religione
485 1876 662 1923 servarentur
679 1866 828 1939 Scripturae
845 1875 876 1922 ut
892 1881 978 1922 sacrae
991 1874 1019 1921 et
1031 1865 1146 1933 divinam
1159 1873 1243 1936 atque
1260 1865 1284 1920 si
1303 1865 1352 1921 hoc

216 1965 376 2028 portentum
392 1956 436 2012 rel
457 1957 602 2030 cogitando
619 1957 691 2013 serre
708 1958 846 2030 potueris,
864 1957 923 2024 dic,
941 1972 1051 2028 quaeso,
1070 1957 1118 2012 ubi
1138 1972 1231 2013 sacras
1250 1957 1352 2013 litteras

215 2048 374 2118 quaesierim
394 2047 439 2103 dic
457 2057 551 2103 utrum
571 2049 605 2104 de
624 2048 726 2104 divinis
746 2058 774 2105 ct
795 2047 880 2104 certis
898 2048 978 2104 libris
998 2049 1043 2104 rel
1063 2063 1155 2105 sermo
1173 2064 1236 2105 esse
1256 2047 1352 2122 queat?

215 2135 327 2193 Scilicet
342 2136 455 2209 prolana
472 2139 575 2210 scripta
595 2137 733 2210 profanis,
751 2154 829 2195 saera
844 2153 909 2194 vcro
927 2139 1014 2194 sacris
1032 2138 1202 2195 testimoniis
1217 2139 1350 2194 nituntur.

216 2227 288 2283 Sane
300 2228 370 2284 mihi
386 2229 501 2285 dubium
519 2246 573 2285 nou
590 2238 633 2286 cst
649 2230 717 2301 quin
734 2237 919 2302 protestantes
937 2244 1046 2295 omues,
1066 2230 1121 2286 nisi
1140 2230 1175 2286 ab
1190 2230 1270 2287 initio
1285 2229 1352 2286 erti-

213 2319 295 2376 tissct
313 2329 426 2376 externa
446 2336 478 2376 ac
494 2320 588 2376 divina
608 2321 725 2376 societas
742 2336 758 2375 a
775 2337 828 2392 qua
846 2319 932 2376 libros
948 2335 1041 2376 sacros
1059 2330 1225 2391 acceperant
1240 2320 1352 2376 dumah

213 2426 245 2467 ea
263 2411 442 2479 deiecerunt,
459 2413 571 2468 eosdem
588 2412 701 2483 penitus
716 2412 856 2468 nescirent
871 2419 900 2466 et
916 2411 1074 2485 ignorarent
1091 2412 1164 2469 :soli
1177 2421 1270 2468 autem
1282 2412 1352 2469 docti

213 2501 277 2557 illos
292 2511 373 2558 notos
386 2503 520 2558 haberent
536 2511 617 2574 prout
634 2511 737 2558 norunt
754 2501 878 2557 Platonis
895 2510 922 2557 et
935 2500 1019 2556 Tullii
1033 2501 1152 2573 scripta,
1164 2512 1192 2558 at
1206 2504 1352 2559 humanam

212 2601 337 2662 tautum,
361 2593 385 2650 si
407 2603 500 2649 umen
523 2593 661 2664 aliquam,
685 2593 721 2648 iis
743 2591 935 2649 auctoritatem
956 2591 1121 2648 tribuerent.
1142 2591 1221 2659 Quod
1243 2594 1353 2665 quidem

214 2684 300 2740 nimis
312 2686 467 2742 luculenter
480 2701 575 2741 eorum
590 2683 778 2756 experimento
788 2683 996 2753 comprobatum
1009 2690 1064 2749 est,
1075 2681 1204 2753 quivere
1217 2683 1355 2740 societatis

212 2775 409 2833 christianae
427 2776 538 2833 Christo
561 2775 679 2833 conditae
697 2773 890 2832 auctoritatem
909 2787 1024 2845 prorsus
1042 2781 1224 2830 contemnunt
1243 2790 1276 2831 ac
1294 2774 1355 2830 irri-

213 2865 290 2921 dent.

249 2956 323 3012 Beue
344 2956 429 3030 igitur
451 2957 587 3013 hactenus
606 2957 699 3012 habet.
719 2953 772 3010 Sed
795 2969 829 3010 ex
852 2954 907 3010 alio
925 2968 1034 3025 quoque
1056 2953 1146 3024 capite
1164 2951 1355 3009 firmissimum

212 3045 278 3101 duci
300 3056 391 3118 potest
408 3056 601 3122 argumentum
619 3062 673 3119 quo
693 3043 865 3102 auctoritatis
883 3060 899 3098 a
916 3043 1027 3100 Christo
1050 3043 1187 3100 institutae
1203 3043 1355 3100 necessitas

212 3135 355 3205 probetur.
378 3135 465 3208 Supra
484 3136 622 3203 diximus,
640 3135 723 3207 idque
741 3135 865 3191 omnium
884 3134 1100 3190 christianorum
1118 3149 1237 3190 assensu
1256 3149 1356 3207 appro-

212 3223 306 3290 batur,
327 3226 437 3283 Christo
456 3227 571 3283 Domino
591 3225 764 3298 propositum
787 3241 848 3282 csse
867 3225 1006 3298 integrum
1025 3239 1114 3298 genus
1137 3224 1291 3280 humanum
1312 3226 1356 3280 in-

212 3324 338 3373 staurare
360 3327 388 3373 et
411 3317 446 3372 ad
467 3317 670 3391 agnoscendam
693 3318 838 3373 veritatem
860 3316 1006 3372 adducere.
1029 3315 1148 3371 Necesse
1171 3322 1213 3369 cst
1236 3328 1304 3387 ergo
1325 3321 1356 3370 ut

212 3405 350 3476 ejusmodi
367 3407 439 3463 viam
457 3407 611 3464 instituerit
630 3423 684 3479 qua
703 3424 800 3464 omncs
817 3408 859 3463 ire
876 3408 999 3472 valcant,
1021 3405 1116 3477 sicque
1135 3403 1187 3461 viae
1204 3404 1355 3461 terminum

211 3498 353 3569 consequi.
379 3499 414 3554 llt
436 3500 553 3555 maxima
579 3499 725 3557 hominum
750 3514 815 3572 pars
840 3495 1031 3553 imbecillioris
1055 3503 1104 3550 aut
1128 3493 1288 3551 incultioris
1312 3503 1356 3552 est

210 3584 330 3661 ingenii,
349 3604 401 3645 nec
419 3589 473 3660 ipsi
497 3592 555 3646 sire
577 3607 627 3663 per
645 3599 770 3663 tempus,
789 3588 849 3645 sire
869 3604 926 3661 prae
945 3603 977 3643 ea
996 3602 1048 3659 qua
1071 3587 1177 3644 laborat
1198 3586 1355 3662 ignorantia

210 3687 258 3733 aut
279 3681 365 3736 animi
386 3680 529 3746 tarditate,
550 3680 616 3737 licet
638 3681 780 3752 inquirere
801 3694 863 3751 quae
884 3678 1012 3734 Christus
1034 3677 1193 3744 tradiderit;
1213 3678 1355 3736 imovero

212 3767 235 3822 si
258 3769 311 3824 sibi
336 3772 419 3842 plane
442 3771 669 3842 permitteretur,
693 3787 744 3827 nec
768 3771 793 3827 si
815 3770 944 3826 Christus
968 3769 1089 3826 extiterit
1110 3783 1226 3825 noscere
1248 3778 1354 3840 posset.

212 3855 303 3923 Quid?
315 3857 357 3914 llu
372 3870 456 3917 tautae
473 3861 617 3918 hominum
631 3862 804 3919 multitudini
818 3860 968 3935 negandam
982 3859 1144 3933 religionem
1157 3855 1258 3930 putas?
1273 3878 1289 3912 u
1299 3859 1355 3916 Ne-

210 3964 265 4020 que
284 3951 371 4017 enim‚
394 3961 426 4007 ut
446 3953 537 4010 aiebat
559 3953 587 4009 S.
607 3954 779 4026 Augustinus
800 3951 860 4027 (l),
880 3953 931 4010 tibi
952 3951 1042 4023 quivis
1058 3952 1140 4008 homo
1162 3950 1191 4004 in
1212 3959 1291 4005 tanta
1314 3950 1355 4005 rei

211 4039 362 4111 cupiditate
379 4041 435 4097 ullo
451 4043 532 4100 modo
546 4042 716 4101 deserendus
729 4054 778 4101 aut
795 4044 969 4116 respuendus
981 4041 1069 4100 rideri
1087 4048 1212 4114 potesta
1228 4040 1264 4094 Et
1277 4050 1356 4098 certe

209 4131 334 4198 nullum,
347 4130 421 4203 quod
431 4140 460 4187 ct
472 4142 503 4189 tu
516 4133 625 4202 lateris,
640 4134 825 4192 deserendum
842 4143 889 4191 aut
906 4133 1094 4207 respuendum
1107 4129 1195 4191 voluit
1207 4129 1355 4200 Christus,

239 4310 283 4376 (l)
298 4316 331 4362 De
345 4313 456 4365 Utililcte
467 4313 595 4376 credendi,
606 4329 629 4366 c.
643 4313 676 4376 X,
689 4330 716 4365 n.
727 4319 769 4366 at.
