3150 5160
332 337 373 396 56
448 351 488 394 DE
501 350 541 396 tls
555 349 699 393 canalaus
716 349 768 404 Qut
784 349 856 394 POST
869 349 960 394 AEVUll
974 347 1181 394 apostolatum
1198 348 1365 393 subacens.

330 497 500 563 commodat,
520 505 547 552 et
572 495 643 551 miro
660 510 813 562 consensu,
835 495 914 566 quasi
941 510 996 551 uno
1022 509 1070 551 ore
1092 494 1222 566 praedita,
1248 494 1307 550 haec
1329 495 1477 566 praedicat,

331 590 427 656 docet,
446 604 479 643 ac
499 587 593 643 tradit.
613 586 652 642 de
668 600 759 657 neque
781 585 839 651 hac,
859 600 920 656 qnae
945 584 973 638 in
991 584 1146 641 Germaniis
1165 585 1225 640 sitae
1247 593 1328 652 sunt,
1352 586 1480 642 ecclesiae

331 680 413 737 aliter
434 679 566 744 credunt,
589 686 637 733 aut
658 677 739 732 aliter
764 676 889 741 tradunt,
913 690 965 730 nce
986 691 1047 746 quae
1070 675 1098 730 in
1123 675 1265 747 Hispaniis
1290 684 1338 730 aut
1363 675 1478 744 Galliis,

331 778 381 825 aut
405 769 434 823 in
455 767 582 834 Oriente,
605 775 653 821 aut
677 765 705 820 in
731 765 860 838 AEgypto,
884 774 931 820 aut
956 765 985 820 in
1010 764 1117 832 Africa,
1143 774 1190 821 aut
1212 766 1241 820 in
1265 766 1480 824 mediterrancis

333 858 409 916 orbis
430 857 591 932 regionibus
616 856 710 912 sedem
736 855 847 910 habent.
872 855 974 909 Verum
996 863 1028 910 ut
1047 854 1088 910 sol
1106 855 1152 911 hic
1169 871 1186 910 a
1205 856 1260 911 beo
1279 856 1421 922 conditus,
1448 859 1480 914 iu

334 950 464 1006 universo
486 945 589 1002 mundo
614 962 687 1001 unus
706 954 788 1016 atque
814 944 886 1000 idem
909 953 951 1000 est
975 945 1039 1000 :ita
1060 945 1143 1000 etiam
1169 946 1294 1002 veritatis
1319 949 1480 1020 praedicatio

333 1039 438 1111 passim
459 1037 545 1104 lucet,
568 1050 719 1107 omnesque
741 1035 881 1101 homines,
903 1035 950 1106 qui
973 1035 1006 1090 ad
1030 1036 1158 1091 veritatis
1182 1037 1354 1110 agnitionem
1379 1039 1480 1096 venire

335 1130 466 1201 cupiunt,
486 1128 616 1182 illustrat.
630 1126 686 1181 Nec
702 1140 767 1180 vero
784 1132 832 1179 aut
849 1125 873 1180 is
893 1140 926 1180 ex
940 1125 1071 1181 Ecclesiae
1090 1124 1347 1199 tristitiasque
1366 1129 1480 1186 dicendi

335 1221 465 1277 facultate
488 1218 585 1290 pollet,
605 1219 639 1273 ab
663 1217 707 1272 his
728 1215 837 1272 diversa
863 1215 989 1272 dicturus
1012 1225 1056 1271 est
1078 1232 1084 1271 :
1106 1216 1200 1291 (nemo
1218 1217 1292 1272 enirn
1312 1233 1396 1290 supra
1418 1236 1480 1275 ma-

336 1311 453 1384 gistrum
476 1305 613 1381 assurgit)
633 1315 681 1363 aut
704 1307 727 1361 is
753 1322 866 1372 rursus,
888 1306 936 1377 qui
960 1322 1057 1378 parum
1080 1305 1196 1362 dicendo
1221 1308 1308 1375 valet,
1335 1309 1479 1366 traditioni

336 1400 534 1457 detrimentum
550 1397 655 1454 aderet.
671 1398 740 1453 Nam
759 1412 822 1453 cum
841 1413 896 1451 una
913 1405 995 1467 atque
1012 1395 1107 1451 eadem
1125 1396 1194 1452 fides
1208 1396 1258 1464 sit,
1273 1413 1324 1453 nec
1337 1399 1384 1470 qui
1398 1399 1433 1455 dc
1447 1415 1480 1455 ca

337 1489 506 1547 uberrimam
520 1489 672 1545 orationem
692 1488 793 1543 habere
809 1494 912 1558 potest,
927 1486 1058 1541 exuberat
1072 1502 1079 1540 ε
1093 1499 1143 1540 nec
1161 1485 1208 1556 qui
1221 1502 1308 1558 pauca
1321 1486 1404 1544 habet
1416 1506 1481 1561 quae

338 1582 426 1645 dicat,
445 1596 506 1635 cam
524 1578 665 1633 imminuit
684 1574 742 1652 (l).
758 1595 772 1629 a
787 1608 824 1618 -
840 1576 969 1632 Doctrina
988 1592 1052 1650 ergo
1074 1576 1227 1632 christiana
1248 1593 1298 1634 ceu
1321 1578 1481 1651 depositum

339 1671 477 1743 quoddam
494 1669 624 1725 Ecclesiae
640 1668 715 1724 curis
737 1666 864 1722 mandata
882 1675 940 1733 cst,
958 1682 1018 1738 quae
1036 1681 1096 1722 eam
1116 1667 1227 1737 quidem
1248 1685 1296 1739 per
1314 1670 1481 1727 universum

339 1761 433 1818 orbem
446 1758 530 1816 tradit
542 1774 574 1813 ae
587 1758 717 1830 praedicat
726 1757 850 1812 eamdem
864 1773 973 1829 semper
986 1769 1014 1814 et
1029 1758 1177 1824 illibatam,
1190 1768 1318 1831 vetatque
1330 1762 1481 1832 quominus

339 1849 481 1922 quidpiam
503 1849 543 1904 illi
571 1848 688 1905 addatur
712 1848 915 1904 detrahaturve.
940 1847 1057 1915 Verum,
1084 1848 1173 1920 pergit
1194 1849 1329 1916 benacus,
1352 1853 1481 1923 opposita

339 1956 454 2013 prorsus
472 1940 580 1996 indoles
606 1940 634 1994 in
654 1940 807 1995 haeresibus
826 1940 962 2004 cernitur,
981 1940 1025 1995 has
1043 1955 1161 2010 namque
1181 1940 1210 1994 in
1231 1941 1291 1997 dies
1313 1945 1482 2000 sententiam

338 2040 467 2087 mutant:
482 2031 584 2087 idcirco
597 2031 665 2087 texit
679 2031 829 2086 historicen
845 2029 1036 2085 Veriotienum
1048 2031 1187 2086 haerescos
1199 2031 1403 2090 Valentinianae
1417 2035 1476 2108 (E).

377 2121 459 2177 Libro
478 2121 501 2175 ll
522 2121 644 2176 conlutat
665 2130 693 2175 et
712 2121 815 2176 absona
834 2120 946 2191 penitus
959 2136 1022 2176 csse
1040 2119 1211 2176 demonstrat
1224 2122 1482 2183 Valentinianorum

340 2220 494 2268 commenta
513 2226 575 2283 quae
594 2211 731 2282 superiori
751 2211 821 2266 libro
841 2219 1014 2282 exposuerat.
1030 2210 1156 2281 Denique
1175 2212 1222 2267 lib.
1237 2212 1273 2267 lll
1293 2215 1405 2284 copiose
1424 2217 1484 2274 dis-

340 2303 409 2359 serit
427 2311 522 2357 auctor
537 2301 572 2356 de
588 2302 736 2358 traditione
749 2317 798 2356 scu
811 2301 933 2356 Ecclesia
952 2300 1081 2360 docente,
1101 2301 1190 2371 deque
1208 2301 1337 2358 universa
1350 2307 1485 2365 methodo

341 2409 395 2464 qua
413 2400 593 2467 cognoscatur
609 2392 711 2447 veritas
731 2401 758 2446 ct
775 2391 996 2462 deprehendatur
1014 2406 1101 2447 error.
1122 2392 1152 2446 ln
1172 2391 1225 2448 hoc
1242 2407 1307 2466 ergo
1327 2393 1399 2452 libro
1418 2413 1486 2468 pcr-

338 2484 481 2540 lustrando
499 2482 604 2538 diutius
619 2483 800 2538 immoremur
814 2498 931 2539 neccsse
944 2495 996 2538 est.

376 2573 490 2628 Librum
510 2573 585 2627 hisne
603 2589 766 2639 exorsurus,
786 2583 879 2629 monet
894 2589 958 2629 eum
977 2572 1010 2628 ad
1025 2587 1109 2643 quem
1126 2572 1207 2627 illum
1224 2572 1311 2629 mittit
1324 2589 1359 2630 ex
1372 2573 1410 2630 iis
1423 2592 1487 2646 quae

339 2679 403 2719 mox
414 2663 540 2719 dicturus
554 2671 597 2718 cst
609 2662 799 2734 plenissimam
813 2663 922 2719 tandem
936 2663 994 2719 lore
1007 2663 1140 2719 adversus
1150 2678 1247 2718 omnes
1261 2664 1406 2720 haereticos
1420 2681 1488 2720 con-

337 2755 526 2810 tradictionem
540 2771 547 2809 :
563 2772 578 2806 u
593 2754 728 2810 Memento
742 2753 825 2826 igitur
838 2770 933 2809 corum
952 2770 1013 2825 quae
1026 2753 1147 2809 diximus
1166 2753 1195 2808 in
1214 2754 1357 2825 prioribus
1375 2754 1487 2816 duobus

341 2843 434 2911 libris;
457 2853 485 2900 et
510 2844 569 2898 haec
591 2843 648 2900 illis
670 2843 842 2917 adjungens,
865 2843 1056 2916 plenissimam
1079 2843 1226 2900 babebisa
1250 2845 1330 2901 nobis
1351 2847 1487 2908 adversus

341 2949 438 2989 omnes
451 2934 596 2989 haereticos
615 2933 876 3000 contradictionem,
888 2943 916 2989 et
929 2933 1095 2988 fiducialiter
1107 2949 1140 2988 ae
1152 2934 1357 2993 instantissime
1369 2941 1487 3000 resistes

341 3025 383 3080 eis
399 3041 452 3094 pro
474 3026 532 3080 sole
553 3041 619 3080 coa
644 3026 755 3093 vivifica
775 3025 840 3092 fide,
859 3041 943 3094 quarn
962 3024 996 3079 eb
1014 3023 1149 3092 ripariolis
1170 3025 1291 3082 Ecclesia
1305 3033 1442 3100 percepit,
1462 3040 1486 3089 et

341 3115 483 3171 distribuit
496 3115 563 3184 filiis
573 3117 631 3168 suis
645 3112 700 3188 (5).
711 3133 725 3167 »
738 3145 776 3156 -
785 3115 830 3171 Sic
846 3114 991 3171 christiani
1009 3129 1107 3168 omnes
1120 3114 1164 3168 via
1185 3116 1339 3173 traditionis
1356 3134 1389 3174 ac
1402 3119 1486 3177 insti-

341 3206 457 3262 tutionis
475 3221 570 3261 vcram
582 3205 734 3261 doctrinam
754 3205 904 3276 accipiunt.
919 3204 997 3272 Quod
1016 3203 1041 3258 si
1059 3220 1165 3274 quaeras
1183 3221 1244 3276 quae
1257 3208 1368 3264 tandem
1383 3211 1420 3267 sit
1435 3212 1483 3268 illa

341 3298 466 3364 traditio,
489 3312 578 3369 quave
597 3295 697 3363 iorma,
716 3306 845 3363 externa,
866 3295 994 3366 inquam,
1011 3308 1044 3348 ac
1062 3294 1123 3349 viva
1143 3294 1239 3351 induta
1256 3297 1309 3365 sit,
1328 3298 1367 3354 ita
1380 3311 1411 3357 ut
1424 3318 1485 3358 om·

373 3503 442 3565 (lla
455 3499 485 3554 H
502 3520 544 3568 pter
562 3505 860 3569 *sacratissimasque
879 3497 934 3546 καθ’
949 3495 1008 3553 ὸλης
1024 3514 1068 3554 της
1086 3496 1231 3563 discuperet<
1251 3497 1295 3557 ἕως
1311 3517 1423 3568 reparans
1442 3521 1487 3562 της

339 3600 384 3650 γης
396 3574 575 3650 διεσπαρμενη,
586 3599 655 3651 παρα
664 3575 691 3630 bs
704 3600 751 3630 των
765 3583 929 3637 αποστολων,
944 3593 987 3626 και
1001 3594 1048 3625 των
1064 3577 1160 3626 inerrans
1174 3584 1290 3645 μαθητων
1301 3581 1489 3650 copulationes,

340 3680 384 3716 την
396 3662 428 3719 εἰς
441 3664 484 3712 ἕνα
499 3668 551 3714 θεον
555 3695 606 3708 ·····
621 3682 693 3714 τουτο
708 3681 737 3712 το
756 3679 872 3729 κηρυγμα
884 3664 1093 3727 παρειληφυια....
1105 3659 1120 3713 ἡ
1131 3666 1292 3715 insincera...
1305 3665 1424 3731 ἐπιμελως
1443 3686 1488 3735 φυ-

339 3749 440 3806 lasset,
456 3747 487 3803 ὡς
500 3745 543 3795 iret
559 3745 627 3796 οἰκον
643 3746 763 3796 circueas·
774 3762 817 3792 και
831 3743 923 3810 ὁμοιως
938 3759 1044 3793 aterensi
1058 3761 1169 3804 τουτοις,
1182 3746 1213 3803 ὡς
1224 3763 1281 3813 μιαν
1292 3746 1371 3810 dopna
1388 3763 1432 3797 και
1442 3768 1488 3804 την

340 3826 419 3882 abans
432 3845 523 3891 εχουσα
534 3819 655 3895 nephres,
671 3842 715 3875 και
727 3844 863 3893 suppono<
877 3841 958 3874 aaaron
977 3840 1105 3892 anpucaet,
1123 3843 1167 3874 και
1183 3820 1310 3891 brionnae,
1322 3846 1365 3878 και
1381 3824 1489 3899 παραδι-

340 3901 430 3970 doctr,
448 3911 480 3959 rit
497 3910 521 3958 ἑν
537 3925 621 3975 caepe
636 3925 783 3973 κεκτημενη.
801 3924 826 3955 κ.
845 3924 869 3955 τ.
882 3909 907 3951 λ.
920 3923 934 3955 ))
951 3910 977 3957 S.
994 3910 1058 3956 iren.
1075 3913 1218 3965 deiectionis
1236 3914 1403 3963 accersionis
1421 3915 1489 3978 salso

340 3996 515 4059 eoqnonirnotoe
531 3995 679 4057 aperitionem,
697 4007 740 4040 seu
758 3997 846 4039 eontra
863 3992 972 4038 lloerescs
992 3989 1054 4040 libri
1071 3995 1193 4055 quinque,·
1213 3993 1259 4044 lib.
1279 3994 1302 4054 l,
1320 4010 1343 4044 c.
1361 3997 1408 4057 10,
1428 4001 1486 4046 ml

340 4083 366 4127 ct
374 4081 403 4132 2,
416 4075 457 4126 ed.
468 4077 587 4126 Massuct.

373 4157 418 4219 (i)
436 4158 486 4207 llac
497 4172 557 4224 ergo
570 4154 596 4206 in
609 4171 636 4207 re
649 4158 674 4208 S.
687 4154 798 4205 lrenaeus
810 4154 928 4205 Bossueto
935 4151 989 4220 jam
1003 4153 1145 4219 preiverat.

376 4240 421 4306 (5)
439 4241 544 4304 Proesot.
953 4226 955 4230 ⁷
