3150 5160
213 362 271 422 182
534 377 661 423 curuos.
683 377 817 422 uarnonr
838 376 1037 424 oncnnrsuus.

210 539 308 598 puram
326 538 359 579 ac
378 521 513 595 integram
532 522 673 581 custodire
693 523 873 596 camdemque
886 524 927 580 sic
939 525 1048 596 populis
1063 525 1225 582 tradendam
1245 543 1351 586 curare.

211 616 242 671 ln
261 614 302 672 eis
324 628 388 687 ergo
408 621 534 669 concreta
559 614 657 670 itidem
678 624 793 686 apparet
812 614 943 671 Ecclesiae
961 615 1145 673 iniallibilitas
1166 634 1249 690 quam
1272 636 1355 692 supe·

210 705 270 761 rius
289 702 527 775 approbavimus:
547 705 600 776 ipsi
620 713 687 761 sunt
705 722 838 780 organum
857 716 940 779 atque
963 720 995 763 os
1017 705 1136 773 Christi,
1159 724 1211 764 nec
1234 726 1355 782 unquam

210 796 287 853 aliud
300 802 400 866 praeter
410 809 504 850 reram
518 795 580 866 ejus
598 795 752 852 doctrinam
770 797 861 869 eloqui
875 805 1002 868 possunt.
1016 797 1090 853 Fieri
1102 799 1199 870 nequit
1212 808 1243 856 ut
1255 816 1355 873 corpus

211 885 402 958 cpiscoporum
422 900 521 941 avero
541 886 597 941 ulla
616 888 723 944 ratione
741 886 883 954 deflectat;
903 903 985 943 secus
1005 888 1079 943 enim
1099 889 1244 945 tolleretur
1262 891 1355 947 Eccle-

212 977 261 1032 siae
284 974 479 1031 iuiallibilitas.
502 975 676 1049 Quapropter
704 993 789 1049 penes
812 977 958 1050 episcopos
985 986 1028 1034 est
1051 979 1159 1052 integra
1188 996 1221 1036 ac
1250 982 1354 1040 illibata

212 1065 316 1124 Christi
338 1066 485 1133 revelatio;
508 1082 593 1138 penes
616 1082 664 1123 eos
682 1067 800 1123 habetur
820 1082 903 1123 verus
928 1067 1106 1124 revelationis
1128 1068 1303 1139 intellectus,
1328 1081 1355 1129 ct

214 1157 260 1213 uhi
273 1172 337 1212 cum
355 1157 493 1228 episcopis
512 1158 614 1225 sentis,
628 1174 691 1214 oum
705 1159 765 1231 ipso
784 1159 899 1215 Domino
913 1159 1011 1216 scutis.
1023 1159 1094 1214 llinc
1107 1159 1137 1214 lit
1151 1166 1195 1225 ut,
1208 1160 1232 1214 si
1246 1162 1355 1231 qnando

213 1247 399 1303 controversia
412 1246 447 1303 de
459 1247 576 1319 quodam
596 1249 738 1324 religionis
759 1249 849 1321 capite
867 1250 962 1306 oborta
984 1249 1080 1312 luerit,
1101 1248 1181 1320 sique
1201 1264 1250 1318 pro
1264 1250 1304 1305 rci
1324 1265 1354 1306 ac

215 1346 370 1409 temporum
386 1339 593 1409 opportunitate
612 1339 700 1396 satius
715 1340 814 1395 risum*
828 1338 911 1395 luerit
930 1337 1079 1394 concilium
1098 1354 1153 1410 quo
1173 1338 1221 1392 illa
1243 1338 1355 1395 dirima-

215 1436 261 1484 tur
280 1443 392 1501 cogere,
418 1438 620 1502 congregentur
645 1428 767 1501 episcopi
791 1430 866 1501 iique
890 1429 941 1486 soli
966 1428 1103 1500 judicium
1134 1444 1168 1484 ex
1192 1429 1354 1486 auctoritato

215 1515 313 1571 ierant.
337 1516 471 1584 Quoniam
494 1534 594 1591 nempe
619 1519 761 1594 religionis
784 1528 850 1575 sunt
871 1519 1016 1587 custodes,
1040 1526 1135 1575 exorto
1158 1534 1265 1587 errore,
1291 1535 1353 1576 con-

215 1607 331 1663 veniunt
355 1622 387 1662 ac
410 1616 549 1665 testantur
565 1624 626 1682 quae
645 1610 683 1666 sit
704 1625 754 1666 sua
777 1610 902 1681 ipsorum
926 1608 996 1665 fides
1017 1609 1140 1681 adeoque
1157 1625 1223 1665 rera
1250 1608 1350 1666 Christi

215 1694 357 1764 doctrina;
374 1697 434 1752 haec
446 1698 548 1769 quippe
567 1699 602 1754 ab
621 1698 668 1753 illa
681 1698 796 1754 minime
808 1699 957 1770 discrepat.
971 1697 1049 1754 llanc
1067 1708 1162 1754 autem
1174 1698 1352 1755 conciliorum

215 1785 337 1842 indolem
349 1797 415 1843 ante
427 1803 461 1843 ex
475 1788 591 1845 historia
607 1790 895 1846 commonstrammus.
1253 1862 1255 1866 Α

251 1875 353 1932 Verum
366 1877 395 1933 id
407 1879 492 1950 probe
509 1880 659 1936 tenendum
678 1880 752 1951 quod
768 1881 826 1952 jam
843 1881 925 1937 modo
941 1879 1192 1947 subindicarimus,
1212 1880 1352 1953 episcopos

214 1965 326 2024 Domini
340 1968 488 2041 imaginem
508 1979 622 2026 catenus
640 1978 747 2026 tantum
757 1970 860 2026 reierre
873 1970 996 2043 adeoque
1014 1970 1212 2027 infallibilitate
1225 1971 1351 2043 praeditos

215 2073 295 2123 esse,
317 2068 454 2130 quatenus
472 2060 567 2116 rivum
579 2076 612 2117 ac
635 2061 773 2134 integrum
795 2077 896 2133 corpus
914 2060 1035 2118 efficiunt
1050 2062 1181 2133 Patrique
1202 2060 1351 2118 successori

215 2149 364 2206 adhaerent.
384 2151 533 2208 Enimvero
551 2152 783 2224 quemadmodum
806 2152 959 2207 humanum
977 2167 1094 2222 corpus,
1113 2150 1225 2223 dempto
1244 2150 1350 2223 capite,

215 2237 309 2294 vivum
331 2240 485 2296 consistere
506 2241 617 2312 nequit,
644 2241 692 2296 sed
715 2255 853 2313 exsangue
871 2239 944 2311 jacet
962 2239 1093 2307 cadarcr;
1112 2242 1152 2296 ita
1171 2241 1310 2313 episcopi,
1330 2239 1352 2296 si

216 2343 232 2383 a
252 2329 376 2385 Romano
389 2330 535 2397 Pontillce‚
550 2332 596 2401 qui
611 2331 640 2386 in
655 2331 730 2386 Petri
744 2331 834 2386 locum
848 2314 981 2386 suffectus
994 2340 1050 2397 est,
1065 2330 1155 2387 avulsi
1168 2329 1274 2398 iurent,
1288 2329 1353 2386 nihil

215 2419 336 2491 amplius
357 2421 420 2477 ritae
439 2429 487 2477 aut
505 2420 607 2477 virium
626 2421 773 2486 haherent;
795 2427 823 2475 et
840 2435 921 2492 porro
941 2420 1015 2477 sicut
1033 2421 1188 2477 membrum
1208 2437 1225 2477 a
1244 2435 1354 2492 corpore

215 2509 363 2580 praecisum
383 2511 500 2578 arescit,
519 2512 560 2568 sic
581 2519 610 2567 et
626 2511 788 2583 episcopus,
805 2512 829 2567 si
847 2511 881 2566 ab
900 2511 1008 2584 integro
1030 2512 1224 2583 episcoporum
1245 2525 1354 2582 corpore

215 2598 299 2657 luerit
311 2602 467 2674 sejunctus,
488 2602 603 2657 minime
618 2602 675 2659 rivi
689 2601 809 2659 doctoris
827 2617 860 2658 ac
879 2601 1004 2675 magistri
1024 2602 1114 2657 viram
1137 2602 1260 2674 speciem
1280 2600 1353 2657 exhi·

215 2689 277 2758 bct,
297 2691 346 2748 sed
363 2693 454 2749 virtus
471 2691 532 2763 ejus
552 2694 634 2764 plane
652 2691 831 2765 extinguitur.
851 2691 947 2764 ltaque
965 2700 1025 2748 tum
1045 2693 1136 2748 solum
1156 2690 1261 2749 Christi
1281 2692 1352 2748 vices

216 2779 287 2852 gerit
306 2781 453 2854 episcopus
469 2799 568 2854 quum,
587 2792 683 2855 utpote
702 2783 870 2849 membrum,
891 2783 1000 2854 corpori
1019 2783 1081 2854 ejus
1100 2782 1199 2838 intime
1228 2782 1355 2854 conjunc·

216 2878 264 2927 tus
283 2882 439 2943 permanet,
462 2889 562 2946 corpus
587 2890 653 2932 vero
675 2874 783 2931 nullum
802 2881 846 2929 est
868 2872 930 2929 sine
952 2872 1042 2944 capite
1067 2874 1192 2930 Romano
1215 2872 1352 2929 Pontillce.

217 2959 260 3015 En
279 2961 378 3031 plenus
395 2978 428 3019 ac
443 2963 549 3037 integer
568 2964 699 3020 Ecclesiae
717 2963 820 3019 Christi
835 2963 1025 3036 organismus,
1039 2979 1122 3035 quem
1136 2963 1184 3035 qui
1198 2964 1356 3035 perturbare

219 3052 380 3117 tentaverit,
400 3052 504 3109 Christi
524 3053 655 3110 inimicus
674 3053 862 3111 constituitur.

249 3140 343 3198 Nostri
357 3142 479 3198 instituti
490 3159 545 3200 uon
556 3152 600 3201 est
612 3144 729 3215 probare
739 3145 821 3200 Petro
834 3144 950 3216 ejusque
963 3143 1191 3210 successoribus,
1202 3142 1250 3213 qui
1261 3141 1356 3199 Roma-

220 3229 249 3286 ui
263 3239 328 3287 sunt
341 3232 502 3300 Pontifices,
516 3249 614 3290 rerum
627 3249 659 3290 ac
674 3233 785 3305 proprie
801 3233 907 3290 dictum
925 3234 1101 3290 auctoritatis
1113 3248 1145 3289 ac
1156 3229 1357 3303 jurisdictionis

219 3322 369 3394 primatum
382 3322 518 3382 aChristo
528 3342 626 3398 reapse
638 3327 768 3383 collatum
778 3328 879 3393 luisse,
896 3342 1016 3398 eumque
1028 3326 1185 3382 indubium
1198 3325 1292 3381 vocari
1305 3339 1357 3380 nou

219 3428 302 3484 posse
315 3415 382 3487 quin
396 3424 453 3472 tota
466 3418 580 3475 tollatur
591 3418 684 3475 diviua
698 3418 846 3476 institutio.
862 3418 954 3486 Quum
973 3417 1049 3474 euim
1062 3432 1126 3472 oum
1139 3415 1359 3487 protestantibus

219 3503 300 3560 nobis
318 3521 364 3561 res
384 3506 436 3574 sit,
457 3508 566 3565 sublato
584 3509 721 3580 principio
740 3524 794 3579 quo
812 3509 910 3565 volunt
928 3508 1036 3580 privato
1058 3509 1198 3579 cujusque
1221 3507 1358 3573 examine,

220 3608 275 3649 uon
293 3610 359 3652 rcro
372 3596 535 3653 auctoritate
553 3599 647 3654 omnia
658 3599 690 3675 in
708 3598 841 3672 religione
859 3613 921 3654 esse
940 3598 1110 3672 pemgenda‚
1127 3604 1240 3652 corruat
1254 3604 1360 3667 protes·

219 3683 369 3740 tantismus
386 3700 502 3742 necesse
517 3693 576 3753 est,
595 3695 679 3758 atque
691 3685 753 3742 idco
767 3686 796 3742 in
818 3696 896 3758 parte
909 3687 1043 3744 historica
1062 3695 1169 3743 tautum
1188 3684 1360 3742 auctoritatis

218 3769 323 3836 [actum
344 3783 466 3830 statuere
491 3775 663 3841 studuimus,
689 3790 743 3846 quo
765 3777 930 3848 approbato,
954 3778 1002 3833 ubi
1026 3777 1157 3849 deinceps
1181 3778 1216 3833 de
1236 3775 1360 3848 ejusdem

220 3861 422 3932 organisatioue
441 3865 603 3937 explicanda
625 3879 718 3921 sermo
740 3875 796 3932 est,
824 3868 894 3924 nihil
915 3867 975 3940 jam
994 3869 1098 3925 habent
1122 3868 1196 3939 quod
1222 3873 1361 3939 opponant

220 3948 372 4006 adversarii
397 3962 457 4009 eta
476 3955 663 4028 disputatione
686 3970 802 4026 prorsus
824 3958 931 4015 exclusi
956 3966 1031 4015 sunt.
1053 3958 1187 4026 Quocirca
1207 3957 1234 4014 id
1254 3966 1361 4014 tautum

221 4039 275 4095 hoc
289 4040 349 4096 loco
361 4042 441 4098 uobis
454 4045 641 4115 praestandum
654 4045 835 4118 relinquitur,
849 4056 895 4118 ut,
914 4065 969 4120 quo
983 4049 1082 4107 melius
1099 4048 1274 4106 auctoritatis
1287 4064 1358 4104 com·

219 4132 393 4203 probaturis
404 4149 437 4190 ac
450 4136 520 4193 ratio
530 4137 734 4210 percipiantur,
749 4138 886 4210 praecipua
900 4139 962 4211 ejus
974 4139 1125 4216 organismi
1138 4138 1228 4211 capita
1240 4139 1362 4197 breviter

223 4225 401 4300 attingamus.

260 4318 344 4376 Porro
366 4320 487 4392 postulat
506 4319 706 4379 christianismi
726 4320 901 4395 organismns
920 4330 952 4379 ut
966 4322 1041 4379 Petri
1060 4320 1213 4380 successori
1227 4319 1296 4378 insit
1308 4318 1364 4391 pri·
