3150 5160
380 349 420 408 52
461 362 499 405 ott
520 362 559 405 tls
580 361 724 405 Putamus
745 362 798 416 Qut
820 361 889 404 POST
911 361 1001 403 AEVUll
1022 360 1225 404 apostottcutt
1247 361 1410 406 stultusne,

379 510 461 565 ritate
481 508 568 579 accipi
592 506 710 578 huicque
732 514 865 578 perpetuo
888 505 985 573 inniti;
1006 507 1094 563 itaut
1117 522 1259 577 nunquam
1283 507 1324 563 las
1346 524 1410 565 esse
1431 509 1523 581 possit

379 599 533 656 doctrinam
549 598 601 653 hoo
614 597 694 653 modo
706 595 741 651 ab
751 595 874 652 Ecclesia
883 604 1023 665 acceptam
1039 594 1156 666 rejicere
1176 606 1224 650 aut
1238 595 1268 650 in
1282 594 1398 652 dubium
1410 613 1520 652 vocare.

416 689 452 746 Ut
464 697 557 743 autem
570 685 664 742 rideas
676 702 711 741 ne
726 687 754 741 in
768 695 888 741 mentem
903 685 1014 756 quidem
1026 683 1176 740 Clementis
1192 685 1220 739 id
1238 685 1374 750 incidere,
1389 687 1522 758 quopiam

379 788 458 850 pacto
469 779 503 833 ab
516 778 647 834 Ecclesiae
663 793 748 832 sensu
760 788 788 832 et
802 777 960 841 intellectu,
973 790 989 828 a
1003 775 1109 847 regula,
1123 790 1206 845 quam
1223 784 1313 839 vocat,
1329 777 1522 832 ecclesiastica

379 869 534 939 Scripturas
550 883 632 939 posse
651 883 772 938 unquam
792 866 915 938 sejungi,
932 864 1041 930 audias,
1060 880 1167 935 quaeso,
1178 865 1408 936 quemadmodum
1422 867 1523 922 doceat

378 960 522 1015 haereticos
540 958 609 1013 nihil
628 974 697 1029 pene
713 958 741 1012 i'n
759 957 909 1028 Scripturis
925 956 1093 1027 intelligere,
1108 956 1158 1011 sed
1177 971 1225 1011 eas
1243 957 1275 1012 ad
1297 973 1394 1027 pravas
1411 956 1522 1028 cupidi-

378 1057 451 1104 tates
476 1057 620 1119 torquere;
638 1048 718 1118 cajus
742 1047 782 1103 rei
800 1047 934 1102 rationem
955 1044 1034 1100 affert
1053 1045 1138 1111 hanc,
1160 1045 1194 1100 iis
1213 1045 1311 1101 deesse
1332 1048 1457 1101 veritatis
1473 1064 1521 1101 rc-

379 1140 472 1207 qalam
491 1154 544 1209 qua
560 1147 691 1208 perpetuo
710 1146 819 1208 regatur
838 1152 870 1191 ao
886 1136 1012 1191 firmetur
1028 1135 1139 1190 animus
1160 1151 1167 1189 :
1190 1136 1334 1194 «Necesse
1354 1137 1442 1203 enim,
1463 1139 1520 1202 ait,

380 1230 434 1284 labi
448 1230 478 1284 in
491 1229 620 1284 maximis
632 1245 680 1284 cos
693 1230 740 1299 qui
760 1244 804 1285 res
817 1227 950 1283 maximas
967 1228 1176 1300 aggrediuntur,
1188 1230 1244 1283 cisi
1257 1229 1381 1299 requiam
1392 1230 1523 1283 veritatis

379 1321 413 1375 ab
434 1323 496 1390 ipsa
517 1323 630 1376 acritate
657 1325 793 1390 acceptam
815 1319 951 1374 tenuerint
974 1319 1036 1392 (uti
1053 1318 1183 1374 Ecclesiae
1204 1318 1254 1373 titii
1277 1334 1338 1373 eam
1359 1334 1375 1373 a
1396 1318 1523 1373 veritate

380 1410 520 1465 incarnata
534 1425 583 1481 per
597 1409 742 1481 Apostolos
755 1425 884 1480 accepere
900 1408 1081 1479 eamdemque
1097 1423 1146 1479 per
1158 1409 1318 1464 continuam
1332 1409 1521 1465 successionis

380 1501 481 1555 seriem
501 1516 610 1571 semper
626 1509 739 1554 tenuere
749 1497 766 1570 ).
782 1499 835 1565 Qui
853 1508 946 1555 autem
963 1515 995 1554 eo
1013 1498 1199 1561 devenerunt,
1214 1510 1245 1554 ut
1261 1515 1276 1553 a
1294 1500 1424 1556 rectoria
1443 1499 1522 1555 exci-

379 1588 485 1655 derint,
504 1589 602 1644 merito
618 1590 701 1644 etiam
720 1588 854 1643 falluntur
870 1588 897 1643 in
915 1588 1043 1658 plurimis
1061 1587 1262 1658 singularibus,
1282 1596 1426 1659 propterea
1445 1587 1522 1658 quod

380 1695 435 1734 non
448 1679 568 1735 habeant
580 1694 707 1736 verorum
722 1688 749 1735 et
761 1678 893 1734 salsorum
907 1677 1043 1747 judicium
1060 1678 1142 1748 plane
1159 1678 1351 1741 exercitatum,
1364 1677 1395 1732 in
1408 1679 1444 1733 iis
1457 1695 1522 1749 quoe

380 1778 486 1840 oportet
498 1770 642 1841 eligendis
658 1770 686 1826 Si
700 1770 773 1825 enim
791 1770 939 1834 haberent,
954 1777 1082 1838 parerent
1095 1767 1245 1838 Scripturis
1258 1769 1360 1824 divinis
1374 1769 1470 1843 (rides
1485 1785 1522 1825 ex

379 1858 521 1916 Clemente
540 1861 702 1924 haereticos,
726 1859 870 1915 deficiente
888 1858 981 1932 regula
1006 1873 1059 1928 qua
1077 1858 1217 1926 judiciam
1236 1857 1382 1925 formetur,
1402 1875 1523 1930 quaeque

381 1947 479 2018 lapidIs
492 1948 557 2021 lydii
572 1949 660 2005 instar
675 1948 822 2014 habeatur,
838 1964 872 2003 ne
890 1963 987 2018 parere
999 1948 1110 2018 quidem
1129 1948 1296 2019 scripturis,
1310 1948 1383 2018 quod
1397 1958 1425 2003 et
1437 1958 1523 2004 aetate

380 2037 431 2093 hac
450 2049 543 2094 nostra
562 2038 670 2094 accidit.
691 2037 817 2100 Scilicet,
837 2045 868 2092 ut
886 2037 975 2093 aiebat
993 2039 1192 2101 Tertullianus,
1213 2039 1358 2095 christiani
1378 2055 1433 2094 noa
1453 2049 1524 2096 sunt

378 2128 440 2194 isti,
453 2137 480 2184 et
493 2129 554 2185 ideo
572 2128 786 2185 christianarum
801 2127 956 2182 litterarum
976 2128 1147 2183 intellectum
1164 2129 1275 2199 assequi
1295 2146 1351 2185 non
1371 2131 1521 2202 possunt).

380 2217 615 2286 Quemadmodum
633 2234 697 2291 ergo
712 2218 735 2273 si
753 2217 815 2288 quis
833 2216 880 2272 liat
896 2217 984 2272 hestia
1002 2233 1036 2272 ex
1053 2217 1179 2284 homine,
1198 2218 1328 2272 similiter
1342 2228 1425 2288 atque
1438 2219 1458 2272 ii
1471 2221 1524 2290 qui

379 2307 491 2365 luerunt
508 2308 601 2364 iniecti
619 2309 734 2365 uenenis
751 2307 843 2363 Circes
862 2323 868 2361 :
885 2310 925 2362 ita
943 2308 1021 2361 homo
1038 2308 1086 2362 Dei
1103 2325 1171 2375 esse,
1188 2313 1212 2362 ct
1228 2310 1343 2364 Domino
1359 2312 1447 2378 fidelis
1464 2328 1524 2367 erse

380 2398 474 2463 desiit,
489 2399 537 2467 qai
554 2399 684 2452 adversas
697 2397 899 2451 ecclesiasticam
919 2398 1103 2452 recalcitravit
1121 2401 1307 2462 traditionem,
1326 2410 1353 2454 et
1372 2401 1400 2455 in
1418 2400 1523 2457 huma-

381 2501 479 2540 narum
499 2487 640 2541 haereseon
660 2484 775 2540 desiluit
794 2484 937 2554 opiniones
957 2485 1041 2561 (1).»
1058 2519 1096 2528 -
1112 2490 1146 2543 Et
1165 2506 1246 2561 porro
1265 2491 1410 2546 ostendere
1429 2493 1525 2566 pergit

379 2585 476 2632 auctor
493 2576 636 2632 haereticos
653 2575 809 2647 Scripturas
824 2574 974 2645 depravare
989 2579 1176 2642 consuevisse,
1194 2589 1234 2646 et,
1248 2579 1295 2634 uhi
1313 2580 1436 2651 ipsorum
1452 2581 1525 2654 dog·

381 2667 501 2722 matibus
521 2667 720 2732 adversantur,
744 2680 817 2736 saepe
831 2665 913 2720 etiam
938 2668 1049 2738 penitus
1075 2668 1204 2738 rejicere,
1231 2669 1380 2741 quoniam,
1406 2670 1522 2740 inquit,

379 2758 560 2812 ecclesiastica
577 2758 740 2828 coqaitioais
757 2772 813 2810 aaa
831 2756 983 2812 didicerant
1006 2762 1135 2828 mysteria
1152 2778 1160 2812 .·
1176 2779 1191 2812 rr
1202 2759 1273 2814 Nam
1293 2775 1355 2812 cam
1370 2760 1526 2816 Ecclesias-

379 2851 438 2904 ticae
452 2850 614 2921 coqaitioais
631 2865 687 2903 aaa
702 2848 848 2902 didicerint
863 2851 1004 2916 mysteria,
1020 2866 1110 2920 neque
1127 2850 1252 2905 veritatis
1270 2851 1444 2921 perceperint
1463 2867 1527 2906 ma-

378 2939 522 3008 iestatem,
545 2940 642 3010 utqui
665 2940 694 2994 in
714 2937 911 3009 perscrutando
932 2953 1025 2992 rerum
1046 2938 1180 3008 profundo
1202 2939 1306 2994 luerint
1328 2938 1472 3006 socordes,
1495 2951 1526 2996 et

380 3028 525 3098 superficie
546 3037 627 3083 tenus
646 3027 778 3101 legerint,
794 3026 953 3096 Scripturas
969 3028 1058 3082 calare
1069 3027 1212 3095 jusserunt
1229 3026 1285 3101 (2).
1299 3048 1313 3080 a

413 3118 499 3189 igitur
513 3127 567 3172 tam
581 3126 656 3174 arcto
668 3118 778 3174 vinculo
792 3117 940 3187 Scripturae
952 3132 1015 3172 cum
1031 3118 1218 3173 ecclesiastica
1230 3119 1324 3190 regula
1338 3116 1523 3193 colligantur,

382 3218 414 3263 ut
429 3208 481 3262 hac
498 3209 601 3263 amissa
621 3207 675 3262 illae
697 3207 779 3262 etiam
801 3206 938 3262 intereant
958 3219 1071 3261 necesse
1091 3205 1137 3260 sit.
1161 3206 1232 3261 Hinc
1252 3205 1298 3269 tit,
1315 3206 1354 3260 ait
1374 3204 1522 3275 Clemens,

382 3305 412 3352 ut
441 3312 523 3352 verus
546 3297 690 3370 gnosticus
718 3296 773 3351 duo
796 3296 856 3349 haec
881 3310 1020 3365 nunquam
1048 3296 1192 3367 sejungat3
1217 3305 1300 3366 atque
1325 3296 1362 3352 ita
1388 3314 1402 3348 a
1427 3308 1524 3354 servat

379 3386 557 3459 apostolicam
579 3394 607 3442 et
635 3385 851 3442 ecclesiasticam
872 3384 1030 3459 dogmatum
1054 3383 1250 3439 rectitudinem
1272 3381 1329 3458 (5).
1351 3404 1365 3436 a
1390 3384 1521 3441 Haeretici

412 3557 454 3623 (l)
473 3573 488 3606 u
505 3555 672 3624 Σφαλλεσῧαι
692 3573 740 3624 qap
761 3555 860 3622 ἁναγκη
887 3571 990 3622 μεγιστα
1009 3573 1063 3612 τους
1082 3554 1384 3621 μεγιστοιςέγχειρουντας
1401 3571 1524 3621 πραγμα-

381 3645 432 3688 oto,
449 3630 478 3682 ἤν
494 3650 526 3695 μη
540 3649 581 3680 τον
601 3647 696 3679 κανονα
710 3650 752 3688 της
770 3630 891 3686 tarasiae
903 3631 960 3697 παρ’
979 3628 1053 3685 ducac
1066 3624 1182 3685 λαῧοντες
1200 3629 1274 3690 ἔχωσι
1290 3648 1332 3686 της
1347 3628 1483 3685 tannetar-
1498 3630 1524 3680 οἱ

380 3727 486 3762 τοιουτοι
502 3705 543 3772 δε,
556 3713 600 3763 ἁτε
618 3712 779 3770 &concrema
792 3730 834 3768 της
853 3708 928 3780 ὀρδης
946 3704 1019 3770 ὁδου,
1036 3727 1079 3758 και
1091 3727 1141 3767 τοις
1159 3716 1280 3767 nasturcia
1294 3729 1341 3759 των
1362 3727 1429 3758 κατα
1447 3729 1522 3778 μερος

380 3797 548 3859 σφαλλονται·
565 3795 679 3852 aiacrior,
699 3787 742 3841 δια
759 3812 787 3844 το
807 3812 839 3858 μη
860 3794 921 3854 ἔχειν
941 3792 1044 3846 alaier
1059 3808 1101 3840 και
1119 3784 1210 3854 drudus
1227 3807 1361 3859 κριτηριον,
1383 3807 1524 3858 συγγεγυμ-

379 3890 498 3938 νασμενον
519 3872 626 3943 ἀκριῧως
643 3892 675 3924 τα
694 3869 782 3926 decora
805 3875 939 3943 αἱρεισῧαι.
957 3873 992 3927 E'r
1006 3891 1054 3942 γαρ
1068 3875 1210 3929 incarnato,
1228 3889 1281 3930 ταις
1301 3878 1374 3930 fletam
1391 3873 1522 3925 ἐπειδοντο

379 3955 410 4004 ἅν
429 3972 595 4022 γραφαῑς....
613 3958 690 4015 οὑτως
714 3956 846 4025 &rapturos
864 3956 924 4005 εἰναι
941 3975 985 4006 του
1001 3961 1054 4006 θεου
1071 3955 1115 4004 καὶ
1134 3971 1219 4012 utores
1237 3973 1270 4020 τῳ
1290 3954 1376 4023 Κυριῳ
1398 3947 1523 4020 &capereto

379 4037 546 4095 ἀπολωλεκεν,
564 4038 577 4087 ὸ
591 4038 762 4097 dvalamma<
777 4058 821 4093 την
838 4042 1042 4091 exclamatoriam
1062 4029 1240 4104 παραδοσιν...
1254 4054 1268 4087 ))
1281 4039 1315 4088 to.
1328 4053 1349 4087 c.
1365 4037 1409 4095 to,
1422 4053 1448 4103 p.
1459 4040 1522 4088 890.

411 4122 455 4186 (2)
473 4119 519 4174 Μη
544 4137 593 4188 γαρ
614 4123 736 4187 μαῧοντες
757 4138 789 4170 τα
809 4139 851 4178 της
880 4137 991 4187 quotuor
1011 4138 1054 4176 της
1077 4123 1279 4177 sustentantione
1299 4135 1432 4186 μυστηρια,
1458 4113 1523 4186 pq&

377 4218 532 4270 χωρησαντες
546 4220 574 4252 το
587 4205 716 4272 μεγαλειον
728 4221 771 4261 της
785 4201 919 4259 titulatae.
929 4234 935 4249 .
947 4234 954 4247 ·
966 4201 1157 4269 παρεπεμψειντο
1170 4219 1213 4259 τας
1230 4218 1360 4271 γραφας.»
1372 4204 1407 4252 lb.
1421 4219 1446 4269 p.
1460 4207 1522 4254 892.

412 4288 456 4352 (5)
472 4286 498 4334 Ρ.
512 4289 569 4336 896.
