3166 5168
211 382 353 489 rats
394 379 634 505 tituta,
675 376 775 485 SEU
814 374 1112 486 Thaditai.

494 694 835 728 -ι-εοωῦ-

253 935 467 980 aucrontunuts
489 934 643 979 METRODUS
664 934 864 978 srucunnrtve
885 931 1074 976 CONFthlATA

169 1055 205 1096 ΕΤ
226 1052 323 1096 PROUT
344 1052 377 1094 tu
401 1051 578 1095 cnnlsrtaut
599 1049 762 1094 RELIGIONE
783 1049 948 1092 SPECTATUR
970 1049 1160 1094 ratusratus.

556 1310 777 1368 huuucussuo.

132 1569 246 1638 Quoties
268 1569 303 1626 de
322 1568 489 1625 revelatione
507 1583 540 1622 ac
559 1566 693 1640 roligIone
709 1565 913 1637 comprobanda
928 1566 1128 1637 explorendave
1141 1582 1232 1623 sermo

95 1660 268 1725 instituitur,
281 1658 403 1731 primum
416 1673 449 1714 ac
461 1658 547 1713 veluti
564 1657 688 1714 nativum
702 1657 756 1713 sihi
770 1656 861 1712 locum
873 1655 1015 1712 vindicant
1027 1666 1187 1729 argumenta
1199 1658 1233 1712 ab

94 1750 212 1807 historia
231 1748 333 1817 dueta,
348 1749 453 1820 reliqua
472 1764 552 1816 vero,
571 1765 633 1821 quae
654 1747 823 1820 speculativa
836 1746 984 1812 dicuntur,
1002 1760 1058 1801 non
1075 1745 1130 1801 nisi
1143 1746 1233 1802 adsci-

95 1840 156 1895 titia
176 1849 259 1913 atque
280 1839 432 1896 adventitia
454 1839 550 1895 haberi
570 1846 685 1910 queunt.
710 1837 792 1892 Facta
815 1836 917 1908 quippe
939 1835 1019 1893 iactis
1036 1837 1233 1907 approbantur.

93 1927 130 1985 m
142 1930 273 1986 revelatio
286 1929 315 1984 in
329 1944 359 1985 se
378 1937 500 2001 spectata
520 1938 563 1985 est
581 1928 684 1984 iactum
702 1928 787 1984 alico
806 1926 973 1999 prosectum3
994 1927 1161 1984 testimoniis
1183 1928 1234 2002 igi-

94 2027 141 2074 tur
161 2019 303 2076 historicis
317 2034 349 2074 ea
369 2036 424 2076 non
444 2028 550 2075 tantum
568 2017 798 2086 demonstranda,
809 2033 905 2074 verum
922 2018 1005 2073 etiam
1023 2035 1153 2092 germana
1172 2019 1235 2091 ejus

94 2110 201 2166 indoles
214 2126 246 2165 ac
263 2109 349 2177 ratio,
364 2126 417 2181 qua
429 2111 517 2167 voluit
535 2110 607 2165 Deus
625 2118 655 2164 ut
674 2109 703 2163 in
724 2117 865 2179 posterum
885 2117 1043 2164 servaretur
1059 2110 1234 2166 hominihus-

93 2217 147 2271 que
166 2200 333 2266 traderetur,
353 2198 517 2256 declaranda
535 2199 792 2270 constituendaque.
812 2199 992 2256 Probationes
1010 2208 1130 2267 caeterae,
1153 2209 1234 2271 qnot-

93 2299 161 2361 quot
181 2288 333 2355 adfuerint,
365 2289 392 2344 id
417 2299 527 2345 tantum
552 2289 674 2345 efficiunt
700 2298 731 2344 ut
756 2304 815 2344 rem
833 2290 911 2360 prius
938 2300 1042 2347 certam
1065 2307 1097 2348 ac
1120 2291 1234 2349 immoto

94 2380 273 2437 fundamento
286 2381 378 2435 nixam
393 2381 556 2437 confirment
569 2380 772 2450 illustrentque.

131 2470 304 2543 Quapropter
321 2472 350 2526 in
369 2472 421 2527 hae
439 2480 534 2527 nostra
553 2471 784 2527 commentatione
796 2486 812 2525 a
826 2469 905 2526 iactis
923 2488 973 2527 seu
994 2472 1161 2529 testimoniis
1176 2473 1235 2528 his-

94 2560 191 2616 toricis
209 2560 352 2616 exordium
371 2559 519 2626 duximus,
538 2574 572 2615 ex
586 2560 676 2630 iisque
693 2560 863 2627 luculenter,
881 2560 935 2616 nisi
950 2578 1001 2617 nos
1018 2562 1112 2633 opinio
1125 2560 1235 2628 ieiellit,

95 2651 391 2715 commonstravimus,
416 2651 489 2720 quod
512 2651 656 2721 speciatim
678 2651 711 2705 ad
734 2650 897 2724 religionem
917 2650 1098 2705 christianam
1120 2650 1235 2718 attinet,

96 2739 270 2793 auctoritatis
283 2739 445 2793 methodum
462 2739 549 2794 fuisse
568 2741 712 2796 aDomino
723 2741 788 2796 lesu
803 2755 900 2811 reapse
912 2739 1077 2795 institutam.
1092 2741 1185 2812 ltaque
1202 2758 1235 2798 eo

97 2843 173 2882 nune
185 2829 378 2899 pervenimus,
393 2837 422 2883 ut
435 2829 569 2884 catholica
584 2830 730 2885 methodus
743 2846 809 2886 vera
821 2839 965 2901 appareat,
979 2831 1236 2902 protestantismum

95 2929 205 2985 autem,
226 2919 273 2989 qui
293 2919 482 2989 inquisitionis
500 2927 583 2990 atque
605 2921 740 2976 examinis
760 2920 875 2992 privati,
896 2920 971 2975 omni
990 2920 1097 2975 sublata
1116 2921 1236 2977 auctori-

97 3017 166 3072 tate,
187 3009 260 3064 riam
278 3009 428 3065 ineundam
451 3018 557 3077 tuetur,
576 3011 605 3065 in
623 3012 722 3066 erratis
741 3027 803 3066 csse
826 3011 1017 3076 convincatur;
1033 3011 1107 3081 quod
1123 3010 1235 3081 quidem

96 3098 233 3169 exipsius
249 3100 376 3155 luctuosa
394 3101 510 3156 historia
527 3101 636 3157 abunde
654 3102 738 3157 etiam
757 3102 950 3157 confirmatum
969 3109 1020 3156 est.
1041 3101 1158 3157 Causam
1171 3118 1236 3176 ergo

96 3189 230 3258 vicimus,
250 3200 278 3246 et
299 3191 450 3247 adversarii
470 3193 601 3264 prostrati
621 3192 714 3263 jacent
733 3192 863 3248 inermes

134 3278 169 3335 rit
190 3288 222 3336 ut
239 3281 297 3337 haee
315 3281 408 3337 omnia
429 3298 494 3337 vera
513 3282 630 3348 inerint,
651 3282 696 3336 hic
715 3291 807 3337 tamen
826 3282 978 3337 consistere
997 3281 1075 3336 nefas
1092 3282 1235 3337 hahemus.

96 3369 170 3437 Quid
192 3369 283 3426 enim?
304 3371 363 3427 Non
378 3372 446 3428 illud
465 3373 546 3428 modo
565 3372 646 3427 nohis
666 3372 881 3442 praestituimus,
904 3380 935 3427 ut
957 3388 1017 3442 quae
1038 3372 1073 3426 sit
1094 3372 1236 3444 religionis

97 3461 244 3517 methodus
263 3476 279 3516 a
296 3461 406 3518 Christo
426 3463 552 3518 instituta
572 3463 797 3528 ostenderemus;
818 3461 866 3516 sed
884 3470 911 3516 et
929 3462 954 3516 is
971 3461 1107 3533 praecipue
1126 3462 1235 3518 animus

96 3560 153 3618 est,
174 3559 205 3606 ut
226 3551 371 3626 theologiae
392 3553 551 3608 christianae
574 3551 709 3624 principia
729 3562 756 3608 et
778 3553 903 3618 decreta,
930 3553 980 3607 hae
1007 3550 1150 3621 religionis
1177 3568 1236 3608 me·

96 3641 181 3698 thodo
200 3651 359 3714 perspecta,
379 3651 534 3698 statuamus
550 3652 632 3715 atque
652 3644 840 3698 enucleemus.
861 3643 1008 3716 Theologia
1025 3657 1091 3698 vero
1109 3643 1175 3713 quid
1194 3654 1237 3700 est

96 3731 153 3786 nisi
173 3732 315 3806 religionis
334 3733 453 3806 cognitio
472 3732 550 3788 docta
570 3750 601 3788 ae
619 3732 745 3789 erudita?
764 3733 874 3790 Referat
888 3734 971 3808 igitur
984 3747 1066 3803 quam
1085 3734 1236 3791 accuratis·
1317 3801 1318 3804 Ἴ

97 3822 168 3878 sime
187 3823 277 3892 ipsius
289 3822 431 3895 religionis
452 3823 573 3877 indolem
592 3838 623 3878 ae
637 3821 798 3878 methodum
816 3837 931 3876 necesse
944 3830 1001 3887 est,
1015 3820 1236 3891 quandoquidem

97 3911 167 3966 nihil
191 3912 266 3967 aliud
296 3923 339 3967 est
363 3913 418 3968 nisi
444 3913 540 3986 religio
566 3914 740 3983 comprobata
767 3920 813 3979 et,
839 3912 929 3983 quoad
957 3911 1018 3981 ejus
1042 3911 1102 3966 lieri
1128 3922 1236 3984 potest,

98 4001 257 4068 intellecta3
278 4002 326 4057 sed
339 4017 370 4058 ea
387 4002 416 4056 in
435 4002 502 4058 solis
522 4002 601 4058 iactis
620 4003 726 4057 haerere
743 4003 848 4072 nequit.
862 4003 944 4058 Facta
964 4011 1029 4058 sunt
1047 4002 1237 4058 tantummodo

96 4089 221 4145 scientiae
240 4090 320 4146 sedes
342 4105 374 4145 ac
394 4091 480 4146 veluti
503 4091 654 4148 scabellum
673 4091 775 4162 pedum
794 4092 876 4162 ejus:
896 4093 1019 4149 scientiae
1037 4102 1080 4149 est
1102 4092 1237 4148 sactorum

96 4179 232 4235 rationem
257 4189 285 4236 et
306 4196 416 4237 causam
431 4181 587 4253 inquirere,
616 4190 645 4238 et
672 4182 747 4256 leges
775 4183 876 4254 quihus
900 4193 1031 4258 regentur
1056 4183 1237 4254 intimamque

94 4285 191 4326 eorum
211 4281 336 4328 naturam
357 4272 524 4345 perscrutari
544 4289 576 4329 ac
595 4274 792 4330 internoscere.
