3150 5160
480 367 611 410 sumans
634 368 870 412 annxannnmus.
1206 356 1245 414 55

101 525 212 581 autem,
232 512 360 569 Ecclesiae
381 512 556 569 traditionem
569 521 795 579 contemnentes,
811 514 841 568 in
860 529 982 569 errorem
998 513 1123 570 incidunt
1137 531 1144 570 :
1160 516 1246 573 aNon

101 614 214 677 oportet
233 605 307 660 enim
325 619 463 675 unquam,
480 604 552 660 sicut
576 603 680 658 iaciunt
695 604 743 674 qui
763 605 883 660 haereses
907 615 1074 675 sequuntur,
1093 605 1248 662 adulterare

99 697 261 757 ueritatem,
277 710 362 764 aequa
386 695 479 762 [arari
497 695 621 763 requiam
646 693 779 758 Ecclesia,
800 694 917 765 propriae
935 695 1081 765 cupiditati
1108 705 1135 751 et
1153 698 1247 769 gloriae

101 784 283 842 inserviendo
299 784 328 839 in
345 784 469 839 fraudem
486 784 715 855 propinquorum,
733 800 803 856 quos
822 785 933 841 omnino
950 794 981 840 ιιι
994 794 1088 841 ament
1101 787 1245 843 veritatem

100 885 189 946 atque
205 876 404 946 amplectantur
417 875 515 930 docere
528 883 637 945 oportet
650 873 710 947 (l).
724 893 737 925 a

140 965 247 1020 Deinde
267 979 333 1020 vero
356 965 478 1035 pressius
501 964 671 1019 demonstrat
693 963 884 1019 haereticorum
907 963 1033 1036 dogmata
1053 964 1108 1020 hoc
1128 965 1189 1036 ipso
1214 975 1246 1023 ιιι

101 1054 175 1110 falsa
190 1070 251 1111 esse
273 1054 411 1120 habenda,
425 1054 498 1124 quod
517 1055 552 1109 ab
569 1054 698 1109 Ecclesia
716 1054 839 1109 doctrino
859 1054 1001 1120 aberrent3
1023 1070 1077 1108 ana
1090 1055 1176 1120 enim,
1191 1056 1245 1124 ait,

99 1146 229 1202 Ecclesia
246 1154 315 1201 esta
334 1143 443 1200 Christo
466 1153 496 1199 ει
520 1144 659 1215 Apostolis
675 1143 798 1207 condita,
818 1144 921 1214 quaevis
939 1153 1030 1199 autem
1049 1154 1130 1200 sectae
1150 1161 1246 1201 recen·

100 1238 162 1293 tius
185 1236 302 1293 conditae
322 1245 404 1306 atque
422 1235 456 1290 ah
480 1235 528 1289 illa
546 1235 706 1289 aberrantes
727 1234 802 1288 lalsae
820 1243 885 1288 sunt
904 1242 964 1289 eta
988 1233 1099 1290 Christo
1124 1234 1244 1291 alienae:

99 1327 187 1395 «Qui
205 1326 306 1398 impios
323 1341 386 1398 ergo
403 1325 541 1397 attingunt
564 1339 720 1390 sermones,
740 1324 858 1393 aliisque
882 1324 1012 1390 tradunt,
1040 1341 1129 1396 neque
1151 1327 1246 1383 verbis

95 1416 205 1474 divinis
226 1425 314 1482 recte,
337 1418 386 1472 sed
409 1431 537 1487 perverse
564 1424 697 1480 utantur,
721 1431 810 1486 neque
833 1415 886 1486 ipsi
915 1416 943 1470 in
966 1431 1082 1488 regnum
1111 1419 1247 1474 coelorum

96 1506 310 1579 ingrediuntur,
331 1523 421 1578 neque
446 1521 507 1568 eos,
532 1520 601 1574 quos
625 1505 807 1577 deceperant,
832 1506 928 1561 sinunt
951 1508 1061 1578 assequi
1087 1510 1245 1565 veritatem.

97 1597 157 1653 Sed
170 1612 222 1652 nec
233 1597 286 1667 ipsi
299 1597 429 1653 introitus
440 1597 545 1652 clavem
559 1597 706 1662 habentes,
722 1597 771 1653 sed
790 1597 887 1652 salsam
899 1597 1061 1668 quamdam,
1076 1608 1116 1664 ct,
1133 1608 1163 1654 ιιι
1176 1599 1247 1655 dicit

96 1688 289 1752 consuetudo,
304 1679 461 1743 ἀντικλειδα,
476 1686 504 1742 id
517 1695 575 1752 est,
589 1702 713 1742 aversam
727 1688 847 1752 clavem,
866 1703 915 1758 per
935 1704 1032 1758 quam,
1052 1704 1109 1743 non
1125 1690 1247 1745 relaxato

98 1778 181 1842 velo,
199 1783 230 1832 at
250 1795 299 1833 aas
320 1778 493 1847 ingredimar
517 1793 567 1846 per
594 1778 703 1833 Domini
726 1779 917 1844 traditionem,
942 1780 987 1832 sed
1009 1781 1097 1834 eaciso
1116 1784 1199 1844 ostio,
1222 1788 1248 1836 et

98 1885 184 1923 maro
202 1868 325 1923 Ecclesia
347 1868 416 1923 clara
437 1868 555 1936 perfosso
578 1867 722 1941 (Ecclesia
744 1868 853 1923 scilicet
873 1869 957 1939 janua
977 1878 1020 1924 est
1039 1885 1089 1940 per
1109 1887 1191 1940 quam
1212 1873 1246 1927 ad

98 1959 248 2015 veritatem
262 1967 335 2030 patet
353 1957 477 2030 aditus).
491 1958 636 2013 veritatem
656 1957 904 2031 transgredientes,
927 1959 1086 2014 efficiantur
1106 1960 1248 2031 principes

98 2065 135 2105 ac
154 2049 240 2104 duces
254 2047 448 2120 mysteriorum
466 2048 566 2103 animae
588 2048 745 2118 impioram.
767 2047 845 2113 Quod
867 2048 942 2102 enim
970 2049 1104 2104 catholica
1125 2050 1248 2106 Ecclesia

100 2137 256 2210 posteriora
277 2153 326 2192 sua
349 2136 463 2192 iecerint
482 2137 678 2203 conciliabula,
697 2146 810 2193 nonest
828 2153 898 2207 opas
911 2138 1007 2193 maltis
1022 2141 1138 2209 probare
1154 2138 1213 2211 (D).
1231 2160 1246 2193 a

145 2228 246 2283 Paucis
270 2236 362 2282 antem
380 2243 413 2282 cx
426 2227 541 2282 historia
559 2227 681 2283 ostendit
697 2228 819 2283 haereses
839 2245 892 2284 non
912 2228 946 2282 ah
960 2227 1099 2299 apostolis
1112 2230 1247 2303 originem

100 2319 219 2382 ducere,
240 2320 289 2374 sed
308 2317 454 2389 posteriori
467 2326 546 2373 aetate
565 2326 689 2385 exortas,
706 2318 828 2388 adeoque
851 2317 972 2373 Ecclesia
992 2320 1160 2390 posteriores
1174 2337 1245 2377 esse.

101 2407 165 2476 Quo
178 2409 316 2478 praestito,
331 2408 372 2463 sic
385 2409 563 2479 prosequitur
577 2424 583 2463 :
600 2427 614 2460 a
629 2406 696 2475 Quae
708 2424 771 2463 cum
785 2409 823 2463 ita
837 2425 867 2464 εε
885 2409 1016 2477 habeant,
1030 2411 1135 2465 clarum
1153 2421 1196 2468 est
1212 2429 1246 2468 en

100 2499 297 2568 antiquissima
311 2508 339 2554 et
351 2499 496 2555 verissima
509 2498 631 2554 Ecclesia
646 2500 696 2554 has
709 2499 893 2565 recentiores,
908 2507 935 2554 et
948 2515 1009 2570 quae
1021 2501 1066 2555 lais
1079 2512 1144 2556 sunt
1156 2502 1247 2557 adhuc

102 2587 262 2655 inferiores,
284 2598 408 2659 tempore
428 2588 514 2644 luisse
535 2589 696 2655 innovatas,
715 2588 878 2644 adulterinae
901 2598 973 2645 notae
996 2590 1124 2647 haereses.
1148 2592 1187 2646 Er
1211 2592 1247 2648 iis

102 2694 167 2749 quae
181 2678 333 2733 dictasunt
351 2677 529 2733 manifestum
549 2694 611 2734 esse
630 2678 776 2740 existimo,
795 2695 877 2733 unam
891 2695 953 2734 esse
971 2696 1064 2736 veram
1083 2680 1247 2746 Ecclesiam,

102 2782 167 2824 eam
182 2783 243 2835 quae
255 2781 320 2820 rere
332 2774 375 2820 cst
388 2766 516 2834 antiqua,
531 2766 559 2820 in
573 2767 654 2837 cujus
667 2768 820 2838 catalogum
834 2767 994 2823 reseruntur
1006 2768 1026 2821 ii
1039 2768 1088 2838 qui
1101 2777 1167 2824 sunt
1178 2768 1247 2839 justi

104 2873 140 2911 ex
154 2855 295 2925 proposito
311 2852 370 2926 (ὅ).
395 2872 409 2904 a

144 2944 275 2999 Ecclesiae
291 2958 356 2999 vero
378 2943 492 2998 unitatis
510 2942 659 3007 rationem,
674 2944 903 3014 quemadmodum
917 2946 944 3002 S.
960 2948 1096 3020 lgnatias,
1111 2964 1143 3005 ex
1159 2949 1249 3021 ipsius

106 3035 157 3089 Dei
170 3034 275 3089 unitate
292 3034 407 3104 repetit,
421 3033 577 3105 pariterque
594 3033 623 3087 in
637 3034 741 3089 unitate
753 3035 816 3090 fidei
836 3044 863 3091 et
883 3035 1007 3092 doctrina
1021 3038 1156 3094 unitatem
1174 3040 1247 3096 hanc

105 3127 189 3183 sitam
203 3141 264 3181 esse
277 3125 356 3180 docet
370 3140 376 3178 :
393 3143 407 3176 a
421 3124 489 3180 Nam
502 3140 564 3178 cam
578 3140 650 3178 unns
664 3124 700 3179 sit
715 3124 786 3180 Dens
802 3135 831 3179 et
846 3141 917 3181 unas
933 3126 1087 3192 Dominus,
1104 3138 1249 3199 propterea

106 3216 135 3271 id
154 3214 237 3270 etiam
256 3215 329 3284 qaod
346 3221 389 3269 est
405 3229 513 3269 summe
534 3214 711 3281 venerabile,
729 3223 756 3271 et
775 3232 808 3271 ex
829 3231 861 3272 eo
875 3216 946 3288 quod
960 3217 997 3273 sit
1010 3220 1139 3286 unicam,
1153 3221 1248 3276 lauda-

105 3317 167 3370 tur,
188 3314 219 3359 ut
231 3302 303 3375 quod
316 3303 353 3360 sit
366 3303 483 3359 imitatio
497 3303 626 3377 principii
648 3305 721 3375 qaod
734 3314 777 3361 est
792 3322 888 3361 anum.
914 3307 945 3362 ln
964 3308 1048 3363 unias
1066 3324 1130 3380 ergo
1144 3319 1249 3366 naturae

139 3526 188 3590 (ι)
202 3542 215 3574 ιι
228 3524 268 3579 O'u
288 3544 337 3596 qap
357 3546 403 3596 χρη
418 3545 475 3578 ποτε
490 3530 606 3595 addetam
629 3525 653 3576 οἱ
673 3541 718 3583 τας
740 3524 841 3594 άὶρεσεις
862 3542 982 3591 pectorose
1000 3541 1112 3584 aotouor,
1129 3543 1249 3592 μοιχευιιν

103 3628 149 3662 την
162 3605 299 3667 diadema,
314 3602 370 3658 ooli
386 3629 427 3675 per
443 3615 552 3658 κλεπτειν
572 3628 614 3659 τον
635 3624 730 3659 κανονα
747 3612 933 3665 cassandaque
951 3626 975 3656 κ.
996 3627 1019 3657 τ.
1036 3613 1060 3655 λ.
1073 3627 1087 3658 a
1100 3611 1136 3659 to.
1149 3627 1175 3677 p.
1191 3613 1247 3660 897.

140 3692 169 3755 (2
179 3692 186 3753 )
198 3706 272 3739 (t.·.·
284 3689 358 3742 Ἀλλ’
373 3684 430 3742 οὐδε
447 3710 490 3744 την
502 3696 566 3739 κλειν
580 3692 676 3754 ἔχοντες
690 3689 762 3739 αὐτοι
780 3709 822 3748 της
843 3683 954 3747 airolae,
971 3683 1044 3753 ψευδῆ
1056 3684 1082 3740 33
1098 3708 1198 3741 τινα...
1215 3685 1247 3740 δι’

103 3773 134 3828 ἧς
153 3769 182 3821 οὐ
199 3789 242 3825 την
259 3771 368 3821 adlatae
385 3772 598 3833 ἁναπετιισαντις,
618 3789 696 3840 ωσπερ
714 3771 781 3837 ἠμεις
802 3765 844 3819 δια
861 3792 903 3830 της
918 3792 962 3823 του
979 3771 1073 3841 Kopion
1089 3767 1249 3842 παραδοιεως

105 3852 222 3917 εἰσειμεν,
240 3855 383 3921 παραδυρον
396 3846 422 3902 δε
436 3852 611 3918 ἁνατεμοντες,
624 3869 667 3902 και
685 3847 837 3921 διορυξαντες
852 3857 936 3922 λαδρα
952 3872 980 3904 τε
998 3870 1086 3916 τειχιον
1101 3874 1144 3913 της
1161 3862 1249 3910 exala-

105 3952 177 3993 σιας,
197 3931 380 4003 ὑπερῧαινοντες
398 3954 441 3990 την
455 3935 592 3994 diadema,
612 3953 770 4004 μυσταγωγοι
788 3955 830 3993 της
848 3954 895 3985 των
910 3932 1006 3986 ἁσεῧιιν
1021 3936 1097 3999 ψυχης
1114 3941 1250 3987 >camarar-

103 4033 158 4067 ται.
170 4013 227 4070 Ὀτι
236 4034 285 4085 γαρ
298 4034 499 4085 μεταγενεστερας
512 4037 554 4075 της
567 4017 718 4075 Karoura<
731 4022 861 4073 εκκλησιας
879 4034 924 4074 τας
937 4015 1096 4084 &vaporatae
1111 4023 1250 4074 συνηλυσεις

104 4115 285 4160 πεποιηκασιν,
300 4099 328 4149 οὐ
343 4104 442 4149 atellam
459 4093 497 4148 δεῖ
514 4103 605 4166 λογων.
619 4119 633 4150 ))
643 4118 664 4150 c.
679 4105 725 4160 ll,
739 4116 765 4166 p.
780 4103 895 4149 897-898,

140 4182 182 4245 (5)
200 4199 214 4229 ιι
228 4214 279 4241 ..,.
293 4180 344 4236 Ἐκ
358 4201 405 4232 των
426 4182 555 4251 ιὶρημενων
574 4181 624 4250 ἀρα
643 4199 746 4249 pavepor
769 4181 838 4248 οἶμαι
862 4182 1026 4248 γεγενῆσθαι,
1049 4197 1106 4248 μιαν
1125 4179 1248 4232 atterrat

101 4265 190 4316 σιληῧη
208 4269 352 4326 caminatae,
374 4284 417 4317 την
435 4283 467 4314 τω
486 4262 535 4313 dart
553 4280 674 4332 αρχαιαν,
690 4283 716 4313 κ.
728 4283 750 4313 τ.
765 4269 788 4311 λ.
802 4283 815 4313 a
827 4266 863 4314 tt.
879 4280 904 4330 p.
918 4267 976 4313 899.
