3150 5160
214 368 275 429 ato
611 380 650 422 on
671 379 766 423 socna
786 377 960 422 scnrrruna.

209 528 320 604 quodsi
334 524 526 599 praestiterint,
547 534 646 595 sponte
664 533 797 595 sequetur
813 522 1053 601 christianismum
1067 539 1121 580 non
1136 524 1192 582 nisi
1206 525 1354 583 inventum

210 622 364 677 humanum
393 632 471 682 csse,
500 615 558 683 cui,
584 615 656 670 iorte
686 623 716 670 ut
746 614 916 671 Platonismo
943 613 1198 681 Aristotelismore,
1223 618 1354 690 aliqualis

210 709 385 768 observantia
408 708 550 764 debeatur.
570 704 685 774 Quodsi
701 705 755 761 hoc
771 705 895 770 tandem,
921 720 971 778 ego
992 705 1074 764 facile
1097 718 1356 767 commonstrarem

211 801 283 857 nihil
307 801 376 857 certi
401 815 433 855 ac
451 798 524 853 iirrni
547 797 577 852 in
601 796 730 852 universa
753 796 869 852 historia
893 810 1054 861 occurrere,
1073 799 1165 854 omnia
1186 800 1214 855 in
1235 800 1354 857 dubium

210 891 344 957 vocanda,
358 889 565 962 scepticismnm
579 902 640 943 csse
653 887 740 943 solam
755 886 961 958 philosophiam
974 887 1104 958 prudenti
1117 888 1177 945 viro
1187 889 1354 958 ineundam,

210 998 329 1055 nosque,
358 990 389 1037 ut
413 980 515 1036 dubius
537 977 693 1034 somniabat
717 975 873 1044 euresius,
899 992 915 1032 a
939 979 1011 1035 malo
1033 979 1114 1052 genio
1136 978 1207 1036 sorte
1233 980 1262 1035 in
1293 997 1356 1052 pcr-

209 1081 325 1145 petunm
344 1086 466 1126 errorem
485 1069 587 1125 invitos
606 1067 715 1123 abduci.
731 1066 759 1122 Si
773 1067 848 1122 enim
867 1066 941 1123 inter
954 1068 1099 1125 hominurn
1112 1070 1212 1140 placita
1229 1071 1355 1127 releren-

210 1162 277 1219 dum
296 1177 358 1218 esse
378 1159 616 1216 christianismum
636 1156 721 1214 inerit
743 1157 778 1212 ab
798 1157 892 1228 aliquo
914 1159 1077 1228 probatum,
1101 1175 1163 1215 curn
1183 1161 1355 1218 Richardoa

211 1260 306 1308 sancto
331 1250 440 1307 Victore
462 1249 611 1321 praedicare
630 1264 685 1303 non
706 1248 823 1303 uerebor
839 1264 846 1303 :
864 1247 991 1304 «Nonne
1008 1265 1071 1305 cum
1091 1251 1168 1307 omni
1188 1253 1355 1310 confidentia

211 1341 267 1397 lieo
283 1340 376 1396 dicere
402 1339 575 1410 poterimus:
593 1337 725 1402 bomine,
754 1338 777 1393 si
791 1353 870 1394 error
891 1347 951 1405 est,
978 1355 993 1394 a
1008 1341 1097 1411 teipso
1117 1341 1226 1413 dccepti
1239 1359 1352 1410 sumus,

211 1447 276 1487 nam
290 1430 344 1487 ista
362 1430 485 1486 innubis
501 1429 586 1485 tantis
604 1429 693 1502 signis
716 1437 744 1484 et
767 1428 901 1502 prodigiis
928 1430 1089 1486 confirmata
1106 1441 1172 1488 sunt
1189 1442 1217 1490 et
1234 1434 1351 1502 talibus,

211 1538 274 1595 qnae
294 1521 428 1578 nonnisi
452 1537 501 1592 per
526 1530 553 1576 te
579 1518 640 1574 ficri
672 1528 790 1591 possunt
804 1518 850 1593 (l)
864 1539 890 1574 x.

249 1612 385 1680 Quoniam
398 1627 462 1685 ergo
486 1611 652 1666 inconcussa
684 1619 778 1666 manet
801 1609 1001 1666 christianismi
1027 1611 1158 1669 divinitas
1181 1614 1306 1687 adeoque
1326 1626 1353 1674 et

212 1703 302 1775 ipsius
328 1703 474 1770 Ecclesiae,
497 1701 652 1772 disciplinae
675 1700 823 1774 exegeticon
845 1700 1010 1757 offendiculo
1029 1717 1091 1758 esse
1110 1704 1207 1774 nequit
1224 1707 1352 1776 superius

211 1803 363 1852 memorata
388 1794 498 1867 regula;
521 1793 667 1864 quinimo
689 1793 727 1860 si,
752 1802 782 1848 nt
805 1794 1038 1859 monstravimus,
1063 1808 1124 1865 quae
1149 1794 1179 1848 in
1202 1794 1352 1866 Scripturis

211 1895 362 1942 occurrunt
386 1885 487 1941 divinae
510 1883 686 1939 revelationis
712 1883 802 1954 capita
827 1884 861 1938 ab
888 1883 977 1955 ipsius
999 1883 1148 1948 Ecclesiae,
1174 1900 1236 1955 quae
1258 1886 1352 1942 eadem

211 1977 300 2049 magis
323 1974 470 2048 perspicua
491 1973 593 2030 retinet
612 1989 645 2028 ac
658 1982 792 2044 perpetuo
805 1972 834 2028 in
854 1989 885 2030 se
900 1973 983 2048 gerit,
1011 1974 1176 2029 conscientia
1201 1987 1269 2031 snut
1291 1993 1352 2047 pro-

211 2064 300 2133 secta,
315 2066 378 2137 quis
390 2063 530 2139 negaverit
544 2064 608 2120 inde
626 2062 771 2120 exordium
784 2079 857 2119 verae
876 2063 986 2136 exegesi
1000 2064 1167 2120 sumendum
1184 2073 1215 2120 ut
1227 2077 1353 2123 accurate

212 2165 341 2213 tencatur
362 2155 492 2212 Ecclesiae
513 2154 652 2221 doctrina,
678 2169 740 2226 quac
766 2153 840 2209 viam
862 2153 1008 2224 interpreti
1036 2162 1143 2209 sternat
1173 2169 1293 2226 eumque
1320 2155 1353 2211 ad

212 2262 374 2320 germanum
394 2246 543 2316 scripturae
566 2259 680 2301 sensum
707 2244 914 2315 assequendum
936 2241 1037 2299 ducat‘l
1064 2242 1132 2311 Quis
1156 2259 1212 2299 uon
1237 2244 1354 2302 fateatur

214 2338 291 2392 illam
316 2337 428 2392 demum
460 2335 597 2391 veriorem
627 2342 656 2389 et
687 2333 890 2389 accuratiorem
928 2331 986 2389 lore
1012 2332 1270 2405 interpretationem
1296 2352 1355 2407 quae

213 2427 345 2484 Ecclesiae
366 2428 477 2483 decreta
500 2440 583 2497 quam
609 2423 727 2479 maxima
754 2422 808 2478 fide
835 2422 937 2479 referat
963 2421 1041 2496 (Eli

251 2520 323 2576 Sane
344 2517 412 2574 mihi
427 2515 529 2588 saepius
549 2531 658 2571 mecum
679 2513 740 2584 ipso
760 2513 882 2569 volventi
897 2513 1080 2570 catholicismi
1099 2514 1236 2587 principia
1248 2517 1356 2574 cadem-

213 2625 268 2682 que
292 2625 355 2666 cum
379 2609 481 2665 mentis
507 2607 635 2663 hnmanae
663 2605 770 2678 legibus
798 2603 952 2660 conserenti
975 2603 1004 2658 id
1026 2604 1099 2660 inter
1127 2607 1182 2661 alia
1208 2609 1355 2665 maximam

213 2700 425 2756 admirationem
444 2712 556 2755 morere
581 2696 736 2760 consuevit,
761 2695 835 2766 quod
861 2710 916 2765 qua
938 2695 1046 2751 ratione
1070 2695 1099 2750 in
1125 2695 1210 2753 rebus
1228 2699 1356 2756 universe

214 2790 392 2864 explorandis
413 2806 430 2846 a
452 2797 551 2844 natura
572 2786 652 2843 nobis
681 2785 778 2841 insunt
803 2785 928 2856 quaedam
956 2785 1095 2858 generalia
1119 2786 1231 2842 decreta
1257 2789 1356 2860 quibus

214 2900 307 2938 census
328 2881 479 2937 communia
501 2894 602 2935 nornen
625 2887 668 2934 cst
692 2876 833 2943 inditum,
858 2876 954 2932 eadem
973 2891 1083 2946 quoque
1101 2875 1131 2930 iu
1149 2877 1234 2934 rebus
1255 2879 1357 2935 divinis

215 2988 250 3028 ex
283 2972 413 3028 Ecclesiae
445 2969 574 3026 instituto
601 2968 726 3039 quaedam
758 2967 892 3022 habemns
923 2967 1013 3036 capita
1046 2967 1148 3037 quibus
1174 2969 1262 3025 veluti
1292 2986 1357 3026 con-

215 3069 271 3116 stat
307 3077 407 3116 sensus
440 3058 597 3116 communis
632 3057 661 3112 in
693 3057 777 3112 rebus
812 3055 875 3111 istis
899 3055 1046 3112 altioribus
1076 3056 1249 3132 indagandis.
1283 3061 1358 3117 ldcm

215 3152 283 3209 ordo
308 3152 360 3207 hac
388 3166 455 3206 sane
485 3149 592 3205 ratione
630 3147 659 3202 in
691 3156 808 3217 utroque
833 3161 935 3219 genere
964 3147 1156 3218 conspicitur,
1183 3151 1256 3221 quod
1285 3152 1359 3208 idem

216 3242 362 3313 utriusque
378 3249 475 3297 auctor
493 3240 575 3318 Dens.
595 3238 726 3295 Notiones
746 3254 815 3309 quas
834 3237 946 3293 exhibet
964 3254 1064 3293 sensus
1082 3248 1190 3296 naturae
1203 3244 1360 3299 communis

215 3332 428 3389 fundamentum
452 3347 484 3387 ac
512 3329 699 3386 necessarium
726 3328 870 3385 exordium
899 3328 1023 3399 cujusvis
1054 3329 1178 3386 scientiae
1207 3331 1360 3400 habentur,

215 3439 267 3480 nec
300 3424 357 3480 ullo
383 3432 462 3494 pacto
491 3421 661 3478 indubium
686 3419 721 3476 ab
747 3418 840 3490 aliquo
869 3418 961 3475 vocari
988 3427 1106 3488 possunt
1128 3419 1197 3491 quin
1223 3420 1276 3478 hoc
1298 3421 1361 3494 ipso

246 3643 293 3707 (l)
306 3648 339 3694 Dc
351 3644 485 3702 Trinitate,
496 3640 542 3692 lib.
553 3642 579 3701 l,
592 3657 614 3691 c.
622 3645 647 3690 i.

217 3743 219 3746 ’
249 3727 295 3792 (h)
308 3724 377 3787 Quod
389 3724 495 3792 quidem
510 3723 632 3791 praeclare
645 3737 715 3773 more
728 3737 774 3773 suo
786 3721 909 3788 expressit
924 3721 1029 3771 llloehler
1047 3721 1086 3772 his
1103 3723 1189 3775 verbis
1202 3740 1209 3774 ε
1222 3741 1236 3774 u
1253 3715 1367 3793 L'Eglise

215 3823 301 3873 arepu
316 3825 342 3858 sa
362 3806 477 3859 doctrine
497 3805 528 3857 de
543 3806 568 3857 la
586 3803 685 3856 boucha
696 3806 778 3855 marne
790 3803 825 3855 du
842 3805 971 3864 Sauvenr,
986 3811 1011 3854 et
1022 3804 1128 3872 l'Esprit
1139 3806 1207 3858 saint
1221 3807 1255 3858 l'a
1275 3809 1368 3875 graves

214 3888 278 3940 dans
292 3904 319 3937 sa
330 3888 486 3938 conscience.
502 3889 570 3939 Dono
584 3879 686 3954 l'Egliso
697 3894 723 3937 ct
736 3879 872 3938 l'Ecriturc
890 3886 1041 3953 enseignent
1057 3888 1094 3938 les
1108 3891 1203 3939 mdmes
1217 3889 1319 3942 veritas.
1333 3894 1369 3944 Or

214 3971 300 4040 quelle
312 3985 343 4020 cn
356 3976 394 4018 est
406 3969 432 4020 la
443 3971 632 4038 consdquence?
639 3970 704 4022 G'est
716 3986 766 4038 que
777 3968 897 4036 l’cxdgbse
908 3968 934 4020 la
944 3969 1002 4036 plus
1013 3969 1102 4032 lidble,
1115 3979 1140 4023 et
1150 3972 1176 4022 la
1187 3972 1247 4039 plus
1257 3974 1370 4040 parfaita

214 4069 263 4120 par
273 4048 444 4116 consdqucnt,
457 4059 495 4102 est
506 4052 568 4103 celle
580 4052 626 4120 qui
638 4052 771 4119 reproduit
781 4051 817 4102 les
829 4050 931 4117 dogmas
943 4060 968 4103 el
981 4053 1006 4102 la
1019 4054 1115 4104 morale
1128 4052 1159 4104 de
1172 4047 1286 4121 l'Eglisc.
1304 4062 1371 4109 Ain-

215 4140 251 4198 εἰ,
267 4151 297 4185 cat
309 4137 430 4197 imperant
442 4131 458 4181 ὰ
469 4149 505 4182 ses
520 4137 640 4186 membran
658 4137 812 4200 l’ohliqotion
823 4138 852 4186 de
865 4143 996 4186 retrouvcr
1006 4139 1070 4188 dona
1085 4133 1218 4188 l'Ecriturc
1233 4153 1271 4187 sca
1286 4141 1373 4190 diuino

214 4220 421 4282 enseignements,
439 4215 465 4265 lo
479 4217 565 4267 socielc'
576 4220 714 4283 catholiquc
723 4221 849 4282 proclama
864 4221 891 4269 lo
899 4219 1020 4282 pramiirc
1032 4219 1098 4284 reple
1115 4221 1144 4269 de
1159 4218 1275 4284 l'eadgdse
1290 4224 1374 4275 reien-

215 4300 309 4365 tifiquc.
325 4315 339 4349 n
355 4298 466 4363 symbol.
482 4298 523 4350 ch.
544 4300 579 4363 V,
592 4301 606 4367 ἓ
620 4305 667 4364 lh,
685 4309 747 4354 tom.
759 4302 793 4364 ll,
806 4318 832 4369 p.
846 4305 933 4353 ot-aa.
