3150 5160
218 353 278 413 tto
608 365 646 408 nu
667 365 762 408 sacar
783 365 958 412 scararum.

213 513 319 572 Christi
332 512 484 586 discipulos
498 526 550 567 usu
563 511 642 567 brevi
660 511 824 582 compendio
841 512 986 578 delibatis,
1001 528 1116 572 necesse
1135 531 1190 572 non
1208 525 1252 574 est
1268 519 1359 577 varias

214 606 429 679 protestantium
444 604 496 658 hac
515 602 544 657 in
565 611 642 672 parte
664 601 874 658 criminationes
893 603 1023 681 persequi
1042 615 1126 676 atque
1143 607 1306 678 explodere3
1325 626 1359 666 er

214 698 349 752 haetenus
369 695 444 750 enim
466 692 627 749 constitutis
647 691 719 748 facili
738 691 849 767 negotio
868 695 987 765 quisque
1005 696 1108 766 poterit
1131 711 1225 752 earum
1243 698 1359 755 insulsi-

213 796 299 842 tatem
318 785 535 857 deprehendere.
551 782 703 849 Catholici,
724 783 748 839 si
762 785 831 840 fides
850 785 1018 843 adversariis
1037 786 1182 854 habeatur,
1202 787 1360 860 Scripturas

213 876 444 948 floccipendunt,
458 875 569 931 easdem
586 875 787 946 pertimescunt
799 891 950 948 carumque
966 877 1089 932 usumin
1103 877 1276 951 angustiores
1289 879 1359 936 fines

213 969 378 1025 contrahere
398 966 584 1024 contendunt!
608 966 694 1035 Quid,
717 969 848 1035 obsecro,
868 970 950 1026 nobis
966 986 981 1026 a
999 971 1103 1026 nostris
1122 972 1320 1040 metuendum,
1342 988 1359 1029 o

212 1060 353 1134 peregrini
366 1068 395 1116 et
413 1058 536 1115 extranei
555 1055 702 1116 homines?
717 1078 731 1111 e
746 1057 833 1126 Quid,
853 1068 885 1115 ut
897 1060 981 1116 etlam
998 1060 1161 1116 Tertulliani
1180 1061 1264 1119 dictis
1281 1072 1357 1131 utar,

213 1151 382 1209 contrarium
403 1149 484 1205 nobis
507 1149 536 1203 in
554 1148 659 1204 nostris
683 1145 891 1223 (Scripturisl‘l
913 1150 985 1219 Quid
1007 1151 1042 1207 de
1064 1152 1174 1222 proprio
1196 1153 1357 1221 intulimus,

214 1254 246 1300 ut
263 1242 368 1314 aliquid
387 1240 557 1297 eontrarium
577 1239 620 1306 ei,
642 1239 716 1310 quod
741 1249 818 1295 esset
839 1241 869 1295 in
895 1240 1046 1312 Scripturis
1068 1241 1289 1312 deprehensum,
1312 1243 1358 1300 de-

213 1333 350 1389 tractione
363 1332 408 1387 uel
420 1329 576 1402 adjectione
588 1329 632 1385 vel
651 1329 883 1386 transmutatione
895 1329 1131 1388 remediaremus?
1148 1331 1228 1400 Quod
1246 1350 1357 1403 sumus,

214 1422 268 1478 hoc
282 1429 348 1478 sunt
361 1420 511 1492 Scripturae
528 1420 561 1475 ab
575 1419 655 1476 initio
671 1417 726 1492 (l).
743 1438 758 1471 u
773 1418 874 1486 Quanti
888 1435 953 1480 vero
974 1420 1132 1493 Scripturas
1144 1422 1278 1480 faciamus
1291 1426 1358 1482 satis

213 1526 354 1584 superque
371 1519 516 1568 ostensum
535 1518 593 1577 est;
613 1518 641 1565 at
659 1517 762 1580 quanta
782 1511 956 1567 observantia
974 1526 1021 1567 eas
1039 1524 1244 1585 prosequantur
1261 1515 1358 1573 adver·

214 1601 282 1658 sarii
299 1601 394 1657 docuit
413 1601 539 1656 historia.

251 1691 421 1748 Catholicam
439 1700 533 1748 autem
549 1691 701 1747 Ecclesiam
723 1691 776 1746 hac
793 1690 948 1762 presertim
969 1701 1048 1749 aetate
1067 1693 1245 1765 potissimum
1263 1698 1356 1754 crimi-

213 1783 274 1838 nari
288 1785 391 1849 solent,
405 1782 478 1854 quod
491 1798 547 1840 non
564 1782 693 1838 omnibus
710 1781 867 1852 promiscue
884 1781 1012 1839 tidelibus
1030 1782 1201 1855 scripturam
1215 1787 1355 1861 legendam

214 1875 319 1942 tradat,
333 1890 403 1946 quos
420 1875 472 1929 hac
487 1873 595 1929 ratione
613 1872 707 1928 divino
724 1873 800 1927 illius
818 1873 880 1928 cibo
896 1887 1004 1929 summa
1024 1873 1127 1945 injuria
1144 1876 1287 1934 defraudet
1300 1878 1353 1952 (E).

213 1965 316 2022 Verum
329 1964 416 2036 liquet
428 1979 488 2018 eam
501 1963 739 2035 exprobrationem
753 1978 787 2018 ex
804 1978 858 2018 uno
873 1964 1091 2034 protestantismi
1105 1965 1243 2038 principio
1256 1967 1354 2035 fluere;

214 2073 270 2130 quo
286 2057 394 2113 sublato
411 2055 521 2128 penitus
539 2063 567 2111 et
585 2055 645 2127 ipsa
664 2052 830 2125 exploditur.
852 2051 961 2108 Etenim
976 2054 1000 2110 si
1012 2069 1077 2109 vera
1087 2069 1120 2109 ac
1133 2054 1213 2110 firma
1226 2056 1284 2112 sint
1296 2073 1355 2129 quae

215 2146 513 2217 supradisseruimus,
531 2144 732 2201 nihilomnino
751 2143 839 2200 divini
861 2144 916 2199 cibi
938 2144 1037 2200 deesse
1056 2153 1146 2216 potest
1167 2145 1271 2202 Christi
1290 2148 1355 2205 lide-

218 2235 308 2301 libus;
321 2234 456 2305 quidquid
470 2235 504 2290 ad
517 2235 603 2291 vitam
615 2235 794 2291 christianam
809 2242 995 2306 aeternamque
1009 2235 1127 2290 salutem
1143 2235 1249 2293 confert
1265 2237 1293 2292 in
1306 2239 1355 2294 Ec·

215 2417 314 2473 cedere
332 2432 414 2489 posse
433 2416 523 2482 novit,
544 2416 692 2472 tenerrima
715 2424 803 2471 mater
825 2416 885 2486 ipsa
907 2416 972 2472 inde
993 2415 1131 2488 depromit
1153 2416 1357 2490 confectamque

213 2522 306 2563 escam
330 2521 381 2578 per
407 2515 532 2578 pastores
558 2506 617 2563 suis
642 2513 818 2578 peramanter
842 2506 1011 2577 suppeditat.
1036 2506 1111 2562 Nihil
1137 2506 1223 2579 iqitur
1247 2524 1356 2565 necesse

214 2597 333 2653 habetur
347 2607 377 2653 ut
393 2597 496 2672 singuli
514 2595 659 2653 christiani
679 2596 837 2669 Scripturas
857 2597 968 2669 proprio
990 2606 1079 2653 marte
1095 2607 1223 2663 versent,
1242 2599 1356 2672 indeque

212 2689 289 2746 cibos
311 2697 410 2745 eruant
431 2689 533 2760 quibus
555 2695 762 2754 sustententur3
782 2687 811 2742 id
834 2702 868 2744 ex
890 2687 993 2743 absona
1015 2696 1124 2743 tantum
1146 2691 1355 2760 protestantium

211 2778 342 2836 methodo
366 2788 601 2850 consequeretur,
622 2778 703 2849 cujus
727 2777 751 2834 si
776 2776 937 2833 firmitatem
962 2777 1161 2849 probaverint,
1184 2788 1245 2835 turn
1271 2782 1355 2838 solum

210 2868 315 2939 aliquid
329 2868 501 2925 fundamenti
514 2869 597 2926 inerit
609 2868 742 2926 conviciis
756 2868 820 2924 istis
836 2868 937 2939 quibus
951 2884 1003 2924 nos
1019 2867 1128 2925 afficere
1143 2880 1353 2927 consueverunt.

211 2958 351 3026 Quamdiu
370 2961 499 3017 consistit
516 2961 651 3018 catholica
670 2959 832 3025 methodus,
852 2957 983 3029 quoniam
999 2958 1142 3030 Scriptura
1159 2959 1290 3018 fidelibus
1307 2961 1355 3017 mi-

211 3049 288 3104 nime
304 3051 460 3106 necessaria
477 3060 535 3118 est,
549 3051 680 3108 Ecclesiae
695 3058 739 3106 est
752 3050 877 3122 judicare
893 3065 928 3104 an
942 3057 970 3105 et
987 3064 1131 3121 quousque
1150 3050 1237 3106 variis
1254 3061 1355 3125 tempo-

211 3139 291 3196 ribus
310 3141 380 3213 ipsis
397 3142 475 3197 utilis
495 3156 557 3198 esse
574 3149 673 3213 queat;
688 3140 750 3210 ejus
768 3147 811 3194 est
829 3148 974 3211 propterea
992 3140 1143 3196 decernere
1159 3149 1255 3196 utrum
1274 3141 1355 3215 magis

211 3230 341 3302 expediat
356 3238 388 3286 ut
408 3230 485 3286 illius
505 3247 574 3287 usus
593 3231 722 3287 fidelibus
735 3231 914 3302 permittatur
926 3231 970 3288 vel
987 3241 1082 3288 contra
1096 3232 1287 3304 prohibeatur.
1300 3231 1355 3288 Nisi

210 3322 265 3378 hoc
280 3322 344 3393 iure
360 3321 465 3394 optimo
481 3330 613 3394 praestare
630 3330 725 3393 posset
743 3321 881 3388 Ecclesia,
899 3336 1016 3378 mancus
1035 3320 1106 3377 foret
1126 3322 1298 3379 christianus
1314 3338 1355 3379 or·

211 3413 369 3488 gauismus,
385 3429 480 3471 secum
492 3421 641 3487 pugnaret,
656 3427 707 3468 nec
722 3412 779 3468 ullo
792 3421 872 3485 pacto
884 3412 1011 3468 divinum
1030 3411 1160 3482 proderet
1176 3413 1354 3470 conditorem.

211 3503 266 3560 Sed
284 3504 319 3561 dc
338 3504 383 3559 bis
402 3505 554 3570 hactenus;
573 3503 608 3559 ad
627 3511 796 3575 postremam
816 3502 901 3574 hujus
921 3501 1014 3574 operis
1027 3503 1227 3574 quaestionem,
1246 3519 1307 3576 quae
1323 3502 1355 3559 dc

209 3594 358 3653 traditione
377 3603 431 3662 cst,
450 3594 645 3650 illustrandam
663 3607 855 3665 properamus.

243 3797 288 3862 (1)
306 3801 339 3848 De
348 3801 490 3862 praescript.
503 3813 525 3847 c.
538 3799 579 3848 38.

245 3879 288 3943 (2)
304 3879 341 3928 hd
362 3878 542 3932 convellendas
560 3879 608 3930 hac
629 3877 657 3928 in
677 3884 751 3947 parte
772 3879 971 3947 protestantium
992 3876 1133 3928 calumnias
1157 3875 1358 3929 eruditissimum

210 3974 274 4026 opus
284 3975 369 4026 nuper
380 3961 459 4014 edidit
470 3960 508 4013 Cl.
520 3961 617 4021 Malou,
630 3960 798 4012 Lovaniensis
815 3961 893 4029 hujus
908 3959 1042 4012 academie
1058 3967 1121 4012 tunc
1136 3961 1278 4027 professor,
1291 3974 1358 4011 nuuc

209 4050 295 4094 autem
311 4040 423 4092 ecclesie
439 4044 577 4110 Brugensis
593 4041 735 4110 episcopus.
752 4043 822 4110 Opus
834 4042 1005 4095 inscribitur:
1028 4047 1064 4092 La
1084 4045 1175 4094 lecture
1194 4045 1223 4094 dc
1245 4045 1271 4093 le
1282 4045 1357 4094 sainte

210 4123 278 4173 Bible
294 4139 325 4174 ea
342 4122 433 4186 tanpoe
445 4126 574 4188 culpane,-
585 4125 714 4187 louvain,
728 4126 802 4176 toto.
