3150 5160
365 341 404 400 oe
489 356 527 398 nn
542 355 582 399 us
596 355 738 398 narniens
752 355 805 410 our
820 354 892 398 rosr
906 356 995 399 ⁴arun
1017 355 1221 401 nrosromeuu
1236 356 1403 403 rennuens.

362 504 425 559 dem
438 503 531 557 valent
547 517 579 557 ac
591 502 717 556 doctrino
729 502 854 557 Ecclesia
864 543 872 567 ,
883 499 942 556 sive
956 500 1058 572 scripta
1074 502 1133 557 sive
1151 518 1206 558 non
1219 503 1322 574 scripta
1341 504 1424 561 luerit
1439 523 1446 561 t
1462 507 1506 563 ubi

357 603 453 649 autem
479 591 612 664 peculiari
635 592 743 647 ratione
769 591 803 647 de
832 593 1027 646 traditionibus
1048 592 1214 663 loquuntur,
1242 593 1283 647 uti
1308 594 1354 649 hic
1373 595 1506 661 Basilius,

360 683 489 754 nuspiam
513 698 560 738 eas
579 697 595 736 a
614 680 762 737 traditione
782 681 844 737 viva
860 681 990 737 Ecclesiae
1009 683 1171 755 sejungunt,
1189 681 1237 738 sed
1259 691 1399 754 tamquam
1419 687 1508 757 ipsius

360 773 490 828 Ecclesiae
514 771 669 828 doctrinam
694 771 805 826 habent.
827 771 893 826 lnde
927 771 1072 827 conficitur
1100 773 1210 838 Patres,
1233 772 1323 828 sicubi
1347 776 1509 834 traditiones

360 871 578 919 commemorant
596 877 628 917 ac
648 870 776 926 tuentur,
797 861 849 917 hoc
867 861 928 932 ipso
947 858 1119 917 auctoritatis
1137 861 1298 918 methodum
1315 867 1509 923 commendare

357 967 392 1007 ac
406 966 588 1024 propugnare.

399 1042 432 1096 Et
451 1057 533 1113 porro
552 1039 626 1096 haud
641 1039 848 1095 multummihi
871 1040 1007 1095 interesse
1028 1039 1139 1097 videtur
1157 1055 1193 1095 an
1219 1042 1334 1112 majoris
1357 1044 1508 1101 minorisve

362 1131 496 1186 momenti
510 1130 600 1201 capita
614 1130 687 1186 inter
701 1130 865 1187 traditiones
882 1129 1017 1196 relerent;
1030 1129 1058 1186 id
1071 1140 1165 1185 autem
1184 1130 1362 1202 potissimum
1376 1134 1507 1201 interest,

363 1236 397 1277 ex
410 1236 506 1277 eorum
527 1220 738 1293 argumentandi
756 1221 864 1277 ratione
884 1221 1017 1292 consequi
1030 1221 1064 1276 ab
1078 1221 1148 1293 ipsis
1162 1220 1314 1277 Ecclesiam
1328 1222 1424 1279 haberi
1438 1234 1507 1280 tam·

358 1328 444 1383 qnam
463 1312 589 1367 veritatis
609 1311 771 1385 magistram
788 1321 816 1368 et
837 1312 982 1368 custodem
1001 1312 1225 1386 integerrimam
1246 1311 1308 1367 ideo
1328 1314 1406 1368 enim
1427 1314 1507 1369 aiunt

360 1404 420 1474 pari
444 1403 599 1458 reverentia
626 1402 802 1473 suscipienda
822 1418 885 1458 esse
908 1402 1039 1458 universa
1061 1419 1122 1474 quae
1144 1402 1174 1456 in
1195 1402 1321 1458 Ecclesia
1343 1404 1505 1470 traduntur,

363 1497 423 1551 sive
437 1495 540 1565 scripta
553 1493 612 1549 sire
624 1508 679 1548 non
693 1493 795 1565 scripta
810 1507 841 1548 ea
865 1492 979 1548 luerint.

399 1584 506 1652 Quibus
519 1583 691 1647 observatiS,
706 1582 832 1654 quaedam
848 1581 939 1637 adhuc
952 1598 986 1638 ex
999 1581 1094 1638 Basilii
1108 1581 1222 1655 seriptis
1236 1582 1431 1655 depromamus
1445 1601 1506 1656 quae

360 1675 519 1730 traditionis
531 1674 604 1729 viam
622 1673 741 1728 maxime
754 1671 956 1728 commendant.

393 1766 423 1819 ln
438 1780 520 1836 opere
534 1763 608 1834 quod
617 1763 751 1819 adversus
761 1763 927 1818 Eunomium
941 1761 1106 1833 conscripsit
1117 1761 1278 1832 praeclarum
1292 1764 1414 1820 occurrit
1425 1765 1506 1822 istius

361 1855 484 1911 methodi
503 1853 704 1910 testimonium.
726 1852 817 1922 Quum
838 1853 912 1909 enim
939 1851 1094 1907 Eunomius
1119 1851 1148 1906 in
1170 1853 1320 1909 catholicos
1349 1854 1502 1926 jocaretur,

362 1945 440 2015 quasi
465 1964 478 1996 u
497 1959 531 1998 ex
550 1941 731 1998 multitudine
748 1957 845 1998 verum
865 1959 881 1996 a
899 1942 967 1997 laiso
988 1951 1179 2009 secernerent,
1199 1943 1297 2013 majori
1312 1945 1386 2014 parti
1404 1945 1505 2001 tributa

365 2035 457 2105 palma
474 2048 507 2087 ae
527 2033 651 2104 priorum
669 2031 773 2105 agmini
790 2046 922 2086 concessa
941 2030 1069 2094 victoria,
1083 2045 1164 2086 aures
1182 2031 1383 2100 posterioribus
1396 2034 1507 2088 obtura-

366 2133 429 2181 rent
443 2141 472 2190 »3
485 2124 554 2179 sica
577 2133 674 2181 saneto
694 2123 807 2180 doctore
819 2121 955 2178 refellitur
970 2137 976 2176 :
992 2141 1006 2174 e
1022 2119 1094 2188 Quid
1108 2119 1197 2176 dieis‘l
1210 2121 1334 2176 Palmam
1354 2136 1389 2176 ne
1408 2120 1506 2178 demus

362 2211 582 2285 antiquioribus?
595 2213 635 2269 Ne
648 2229 824 2269 revereamur
837 2210 1043 2268 multitudinem
1059 2210 1294 2277 christianorum,
1307 2226 1396 2282 neque
1409 2227 1505 2267 eorum

364 2306 413 2377 qui
427 2320 501 2360 nuuc
514 2313 600 2370 sunt,
617 2319 707 2374 neque
726 2319 822 2359 eorum
842 2303 888 2374 qui
908 2301 1033 2366 luerunt,
1046 2314 1080 2356 ex
1100 2316 1154 2370 quo
1168 2301 1347 2370 praedicatum
1360 2310 1403 2356 est
1416 2301 1506 2356 Eran-

362 2393 538 2469 gelium‘l...
562 2394 658 2468 blagna
684 2394 805 2465 prolecto
825 2392 895 2449 ioret
916 2401 963 2447 tua
986 2390 1123 2462 potentia,
1150 2390 1174 2446 si
1198 2407 1260 2462 quac
1278 2391 1428 2462 multiplici
1455 2408 1506 2448 suo

363 2484 481 2540 artificio
497 2483 623 2539 diabolus
638 2491 826 2553 consequutus
845 2498 900 2537 non
918 2490 975 2548 est,
993 2495 1025 2536 ea
1045 2480 1095 2536 tibi
1114 2480 1172 2537 solo
1186 2480 1302 2553 imperio
1316 2482 1428 2552 assequi
1442 2498 1507 2539 con-

366 2577 484 2648 tingeret
500 2591 506 2629 z
523 2574 547 2630 si
560 2572 689 2630 videlicet
700 2588 835 2643 persuasu
851 2589 883 2628 ac
897 2571 1012 2627 inductu
1026 2581 1073 2627 tuo
1088 2571 1280 2637 traditionem,
1295 2587 1357 2642 quae
1373 2589 1423 2643 per
1437 2590 1506 2644 prae-

364 2666 477 2721 teritum
492 2679 574 2719 omne
589 2672 699 2734 tempus
714 2663 786 2734 apud
805 2672 845 2718 tot
862 2672 972 2718 sanctos
991 2663 1129 2730 obtinuit,
1144 2663 1230 2736 impio
1243 2673 1336 2720 vestro
1350 2675 1507 2722 commento

365 2763 595 2825 postponeremus
612 2751 667 2827 (1).
689 2772 703 2804 n
723 2752 790 2808 lude
808 2752 992 2824 perspicimus
1012 2769 1044 2808 ex
1062 2754 1157 2809 Basilii
1179 2763 1273 2809 mente
1293 2755 1384 2810 omnia
1404 2755 1506 2811 diaboli

364 2844 481 2899 artificia
504 2844 532 2898 in
555 2843 708 2899 excitandis
731 2842 884 2898 haeresibus
905 2858 937 2898 eo
962 2852 1103 2914 spectare,
1128 2852 1159 2898 ut
1178 2843 1357 2913 apostolicam
1374 2844 1506 2900 'traditio-

366 2949 444 2999 nem,
458 2949 540 3004 quarn
554 2933 676 2989 Ecclesia
688 2933 773 2989 veluti
787 2948 897 2989 sacrum
910 2933 1067 3002 depositum
1080 2934 1217 2999 custodit,
1230 2935 1339 3004 penitus
1352 2935 1506 3002 convellat3

366 3023 443 3079 novit
456 3024 529 3078 enim
543 3024 604 3094 ipse
620 3025 677 3078 vim
690 3039 723 3078 ac
740 3024 861 3094 pretium
880 3022 1049 3086 traditionis,
1071 3038 1122 3078 nec
1142 3038 1206 3078 eum
1225 3023 1308 3096 sugit,
1328 3024 1381 3080 bae
1396 3026 1507 3098 neglec-

367 3124 409 3177 ta,
428 3113 505 3168 brevi
524 3114 558 3169 de
572 3113 700 3169 universa
719 3113 822 3169 Christi
841 3113 972 3184 religione
991 3121 1083 3168 aetum
1097 3112 1141 3167 iri.

403 3202 538 3272 Quocirca
562 3202 680 3259 Basilius
708 3203 775 3258 alibi
803 3203 941 3257 haeresum
976 3202 1110 3276 originem
1139 3218 1172 3257 ex
1200 3202 1314 3258 Petrum
1345 3214 1506 3277 contemptu

367 3294 485 3366 repetit:
502 3293 660 3350 «Nonnulli
675 3301 753 3357 sunt,
768 3292 870 3363 inquit,
889 3291 936 3362 qui
955 3307 1018 3346 eum
1039 3291 1135 3346 Patres
1154 3299 1182 3346 ct
1200 3290 1300 3347 tradita
1318 3292 1352 3347 ab
1374 3293 1416 3349 eis
1439 3294 1507 3367 dog·

368 3393 440 3438 mata
454 3383 609 3449 fastidiant,
624 3383 677 3453 ipsi
698 3383 834 3438 haeresum
853 3383 969 3453 eupiunt
988 3397 1050 3437 esse
1071 3390 1198 3436 auctores
1221 3380 1278 3454 (⁹2).
1298 3402 1313 3434 n
1334 3383 1394 3440 Alio
1413 3394 1507 3440 autem

368 3478 428 3533 loco
445 3476 486 3532 sic
504 3477 600 3549 paucis
617 3475 709 3532 verbis
727 3474 881 3530 luculenter
894 3489 926 3528 ac
942 3473 1073 3545 praeclare
1095 3472 1233 3528 contrahit
1257 3481 1343 3528 totam
1363 3475 1508 3532 catholicae

402 3628 444 3695 (l)
458 3627 510 3683 ‹th
527 3635 616 3696 λιγειςς
631 3648 664 3695 μη
682 3643 799 3693 νειμωμιν
816 3645 845 3677 το
862 3630 934 3676 aleon
951 3640 1002 3682 τοις
1013 3621 1179 3692 apodeictice,
1259 3631 1368 3694 μεγαλης
1387 3647 1429 3694 μιν
1441 3628 1465 3677 τ’
1479 3628 1509 3680 ἀν

368 3711 418 3778 riq<
441 3730 484 3768 της
503 3704 648 3768 desacrata<
671 3711 859 3776 ἐπειλημμινος,
882 3708 946 3776 εἰπερ
966 3705 998 3758 ὧν
1017 3723 1071 3764 ταις
1087 3713 1213 3764 ποικιλαις
1234 3707 1322 3759 ἑαυτου
1343 3703 1508 3775 μεῧοῧειαιςὸ

367 3787 486 3851 &ahoites
504 3793 551 3844 odit
566 3794 679 3856 ἐπετυχε,Ι
692 3810 784 3842 τουτων
799 3807 837 3841 σοι
856 3807 935 3853 τυχειν
950 3791 976 3853 ἐξ
993 3791 1165 3858 ἐπεταγματος
1181 3806 1316 3858 repraeter·
1329 3792 1372 3840 ἑαν
1388 3809 1431 3859 περ
1443 3809 1511 3842 πεισ-

368 3880 451 3934 bevre<
471 3893 524 3937 σοι,
545 3895 588 3929 την
606 3877 630 3924 ἐν
651 3892 724 3924 παντι
740 3876 889 3942 caprificum
909 3891 991 3942 χρονῳ
1014 3873 1061 3923 ὑπο
1083 3889 1205 3923 τοσουτων
1228 3873 1305 3941 ἁγιων
1329 3890 1509 3942 κεκρατηκυιαν

368 3952 506 4027 παραδοσιν
520 3957 668 4025 ἀτιμοτεραν
686 3973 804 4024 episcopeo
817 3973 861 4011 της
878 3947 1010 4012 δυσσεῧους
1032 3955 1102 4021 {iper
1118 3955 1235 4012 ίπινοιας.
1254 3974 1267 4007 n
1283 3960 1408 4007 Adversus
1425 3961 1510 4009 Enno-

368 4048 446 4094 mium
456 4042 502 4092 lib.
515 4043 537 4095 l.
551 4057 576 4090 n.
590 4045 613 4090 5.

401 4125 447 4189 (2)
460 4140 474 4171 (t
485 4121 545 4175 Εἱσι
561 4138 621 4178 τινες
643 4122 667 4172 oi
683 4123 880 4171 κατακολουδειν
896 4135 947 4176 τοις
964 4135 1090 4188 respect,
1111 4136 1154 4168 και
1168 4137 1220 4178 τοις
1236 4120 1293 4189 παρ’
1311 4119 1392 4172 ἀυτων
1404 4115 1511 4189 παραδε-

367 4198 482 4270 deperata
498 4196 624 4270 δογμασιν
647 4204 822 4266 dedicauerat,
846 4203 915 4253 ὰυτοι
933 4219 1064 4272 καταρχειν
1085 4202 1200 4270 adprecor
1225 4205 1382 4268 ἔπιδυμουσι.
1403 4222 1417 4256 »
1441 4209 1511 4256 Gom·

368 4297 474 4339 citantor.
487 4290 514 4338 in
526 4290 637 4350 Esaiam,
651 4303 672 4337 c.
687 4290 715 4337 X.
