3150 5160
217 367 277 427 206
609 381 648 425 ua
669 383 762 427 sacua
784 382 960 426 scararum.

211 527 339 591 minime,
357 525 450 593 aiunt,
467 526 554 582 libero
567 540 599 582 ac
615 528 688 584 serio
703 528 796 584 animo
813 543 859 584 aas
873 530 1021 600 explanant
1034 528 1177 596 catholici,
1192 529 1241 584 scd
1258 544 1359 585 secuu-

211 619 278 674 dum
301 633 351 672 sua
369 617 540 688 praejudicia,
560 618 691 688 aquibus
710 619 865 675 desciscere
885 619 961 675 nefas
985 620 1134 685 habeatur,
1159 620 1251 675 omnia
1271 621 1355 676 iuter-

212 709 315 780 pretari
338 716 483 780 coguntur,
507 708 554 762 Hae
575 723 675 779 nempe
698 709 839 764 similesne
860 709 1069 766 criminationes
1092 711 1310 781 protestantibus
1329 721 1356 766 et

212 797 394 853 rationalistis
406 798 525 870 gentiles
538 806 613 853 sunt.
628 798 713 853 Nobis
728 799 811 871 igitur
824 798 1027 854 ostendendum
1045 808 1088 855 est
1104 815 1186 870 quam
1204 815 1243 854 eae
1259 799 1355 855 inanes

212 904 245 943 ac
266 887 369 942 fictitiae
392 888 465 953 siut,
489 895 626 958 quamque
646 889 732 943 animi
757 889 906 943 caecitatem
930 898 978 944 aut
1000 897 1075 944 certe
1098 889 1198 942 malam
1224 888 1306 943 fidem
1328 888 1357 943 iu

213 976 378 1032 adversariis
401 977 527 1047 prodant.
550 976 629 1044 Quod
648 977 760 1048 quidem
783 987 814 1033 ut
836 978 946 1049 plenius
968 988 1131 1050 praestetur,
1153 979 1243 1050 primo
1262 979 1356 1049 paucis

214 1067 429 1122 monstrabimus
447 1066 570 1140 regulam
588 1083 603 1121 a
621 1067 782 1123 Tridentino
801 1069 918 1124 concilio
939 1077 1069 1124 statutam
1091 1077 1188 1140 sponte
1208 1084 1240 1123 ac
1262 1084 1358 1124 neces-

214 1158 286 1214 saria
299 1157 359 1231 lege
372 1174 406 1212 cx
419 1158 477 1228 ipsa
495 1157 695 1213 christianismi
714 1157 806 1214 indole
822 1158 921 1225 liuere3
933 1158 1033 1214 deiude
1052 1175 1116 1214 vero
1137 1167 1247 1213 tautum
1261 1157 1358 1213 abesse

214 1247 313 1302 utilia
336 1246 458 1302 scientiae
479 1249 626 1318 exegeticae
647 1247 776 1318 quopiam
802 1257 881 1318 pacto
908 1248 1105 1320 impedimento
1128 1249 1183 1312 sit,
1208 1256 1239 1302 ut
1262 1257 1354 1304 contra

218 1336 341 1391 scientiae
360 1352 473 1392 eausam
492 1338 611 1393 multum
632 1337 710 1407 juvet
732 1347 962 1409 promoveatque;
981 1348 1122 1410 postremo
1142 1337 1252 1412 exegesi
1271 1339 1357 1410 pluri-

216 1444 293 1483 mum
313 1428 411 1484 obesse
429 1430 643 1499 protestantium
662 1445 693 1484 ac
711 1429 948 1485 rationaiistarum
967 1430 1128 1486 methodum
1146 1429 1323 1499 eamdemque
1341 1446 1356 1484 a

214 1535 352 1592 germanae
368 1519 491 1575 scientiae
507 1529 604 1576 natura
621 1520 702 1591 plane
720 1519 839 1575 alienam
850 1534 922 1574 esse.

251 1610 345 1680 ltaque
364 1626 452 1665 canon
469 1611 706 1682 interpretationis
718 1625 734 1664 a
747 1609 907 1665 Tridentina
925 1609 1029 1682 synodo
1047 1607 1215 1665 constitutus
1232 1608 1278 1664 hic
1291 1617 1352 1664 est:

216 1700 373 1757 «Decernit
396 1699 588 1774 (sacrosancta
607 1699 744 1775 synodus)
769 1710 800 1755 ut
819 1716 915 1766 nemo,
934 1715 991 1755 suae
1008 1699 1162 1770 prudentiae
1183 1698 1312 1764 innixus,
1330 1698 1356 1752 in

215 1791 299 1847 rebus
320 1791 383 1847 fidei
406 1801 433 1847 et
456 1807 580 1858 morum,
599 1792 634 1848 ad
654 1792 863 1848 aedificationem
883 1791 1017 1846 doctrinae
1036 1789 1196 1844 christianae
1219 1787 1356 1860 pertinen-

215 1882 300 1948 tium,
315 1898 420 1938 sacram
441 1883 611 1954 Scripturam
630 1883 664 1937 ad
684 1898 750 1938 suos
769 1897 869 1938 seusus
888 1889 1090 1951 contorquens,
1108 1888 1203 1934 contra
1218 1894 1281 1933 eum
1296 1894 1356 1933 seu-

217 1989 292 2039 sum,
311 1990 393 2045 quem
410 1975 502 2030 tenuit
521 1981 548 2028 et
566 1982 642 2030 tenet
658 1981 751 2028 sancta
771 1982 860 2027 mater
879 1971 1017 2037 Ecclesia,
1033 1970 1113 2041 cujus
1127 1978 1170 2025 est
1187 1970 1313 2040 judicare
1325 1968 1356 2024 de

215 2079 281 2120 uero
299 2080 385 2120 seusu
403 2073 430 2120 et
447 2063 674 2134 interpretatione
687 2062 890 2133 Scripturarum
912 2068 1086 2123 sanctarum,
1101 2061 1248 2115 autetiam
1265 2068 1354 2115 contra

215 2153 376 2208 unanimem
397 2169 562 2210 consensum
585 2155 715 2220 Patrum,
738 2153 826 2224 ipsam
853 2152 1024 2223 Scripturam
1049 2167 1157 2206 sacram
1183 2149 1354 2222 interpretari

216 2240 428 2315 audentii.»
451 2274 488 2284 -
512 2242 565 2310 Qui
589 2239 647 2299 haec
669 2242 780 2299 concilii
804 2243 898 2316 regula
922 2241 1045 2313 perbelle
1069 2248 1202 2296 consonet
1227 2239 1354 2296 methodo

216 2347 299 2403 quam
321 2333 418 2403 quavis
443 2342 523 2389 aetate
548 2335 687 2389 iniverunt
711 2333 770 2389 veri
793 2332 914 2389 nominis
940 2330 1084 2387 christiani
1110 2345 1194 2402 supra
1219 2330 1353 2392 vidimus:

216 2424 264 2494 qui
286 2432 378 2478 autem
398 2423 468 2494 ipsis
489 2425 647 2480 christianae
672 2425 814 2498 religionis
840 2424 985 2496 principiis
1008 2423 1144 2479 cohaereat
1170 2420 1296 2492 pressius
1317 2427 1355 2474 est

215 2513 470 2570 demonstrandum.
494 2517 578 2571 Porro
595 2530 641 2571 res
660 2515 739 2571 valde
759 2529 872 2585 operosa
885 2530 941 2569 non
961 2521 1018 2579 est;
1034 2513 1088 2566 imo
1107 2527 1172 2566 vero
1193 2511 1217 2566 si
1238 2519 1311 2566 recte
1328 2525 1357 2565 se

216 2603 335 2659 babeant
354 2604 487 2660 hactenus
507 2605 663 2677 disputata,
678 2605 792 2677 quaestio
808 2604 865 2675 jam
885 2603 1011 2660 absoluta
1030 2602 1156 2669 uidetur,
1175 2602 1257 2672 idque
1276 2617 1358 2656 unum

217 2695 269 2751 hoc
287 2695 346 2750 loeo
366 2696 444 2751 uobis
463 2695 650 2767 praestandum
669 2702 810 2766 superest,
826 2703 857 2749 ut
875 2710 906 2749 ea
925 2694 1086 2766 colligamus
1102 2701 1184 2763 atque
1200 2691 1234 2747 ad
1248 2692 1358 2748 Triden-

217 2784 281 2838 tinae
300 2785 397 2856 synodi
413 2801 547 2841 canonem
563 2785 759 2841 illustrandum
775 2785 946 2840 enucleatius
966 2784 1214 2839 accommodemus.

253 2874 292 2928 Ex
307 2874 435 2946 superius
448 2876 570 2932 definitis
583 2877 638 2931 duo
652 2884 780 2931 coustant
794 2891 854 2945 quae
873 2874 930 2945 jam
943 2890 958 2929 a
974 2874 1084 2929 nemine
1094 2873 1123 2928 in
1136 2873 1253 2929 dubium
1267 2872 1357 2929 vocari

220 2974 341 3037 queunt:
354 2965 524 3037 Scripturam
537 2967 644 3022 scilicet
655 2968 688 3022 ab
702 2967 822 3023 Ecclesia
837 2966 945 3039 stungi
962 2982 1015 3021 nou
1031 2980 1127 3037 posse,
1143 2980 1195 3019 nec
1205 2963 1361 3019 universam·

219 3053 322 3109 Christi
340 3056 516 3112 revelationis
535 3056 701 3123 doctrinam,
722 3057 901 3127 eamdemque
921 3065 1044 3126 apertam
1065 3071 1097 3111 ac
1117 3055 1247 3110 omnibus
1267 3063 1359 3125 pateu-

220 3154 291 3211 tem,
305 3145 449 3206 exhibere:
463 3146 564 3201 deinde
582 3163 647 3202 vero
660 3147 810 3201 Ecclesiam
828 3145 931 3201 Christi
944 3146 1018 3202 vices
1034 3161 1144 3219 gerere,
1165 3154 1361 3216 proptereaque

219 3235 249 3290 iu
271 3250 302 3289 ca
324 3235 417 3291 inesse
436 3236 541 3308 integra
561 3251 593 3291 ac
615 3245 748 3307 perpetuo
770 3236 875 3291 illibata
892 3236 1051 3292 christianae
1073 3234 1215 3308 religionis
1243 3236 1359 3291 decreta.

219 3324 327 3393 Quibus
348 3326 466 3397 positis,
489 3327 531 3382 sie
552 3342 611 3382 rem
639 3325 774 3382 conficere
798 3325 872 3382 licet.
899 3325 977 3393 Quod
1002 3326 1036 3381 ad
1062 3326 1223 3396 qualitatem
1245 3325 1360 3389 attinet,

220 3415 368 3487 Scripturae
389 3424 471 3487 atque
493 3417 623 3472 Ecclesiae
645 3415 769 3472 doctrina
792 3417 907 3471 minime
931 3415 1041 3482 differt,
1066 3415 1114 3470 sed
1139 3430 1192 3470 una
1215 3414 1361 3484 eademque

220 3507 354 3573 cernitur,
369 3507 471 3580 quippe
487 3525 548 3580 quae
565 3509 599 3565 ab
617 3508 714 3564 eodem
731 3508 825 3564 divino
838 3508 913 3563 sonte
926 3507 1095 3574 manauerit3
1110 3506 1288 3578 nequeenim
1304 3506 1362 3561 duae

219 3598 346 3669 pluresve
362 3598 415 3653 sibi
434 3607 619 3671 repugnantes
640 3599 757 3655 extitere
773 3599 956 3655 revelationes
974 3615 1091 3670 quarum
1106 3614 1189 3653 unam
1206 3597 1360 3668 Scriptura,

220 3688 334 3742 alteram
348 3689 470 3744 Ecclesia
485 3688 628 3754 exhibeam
643 3689 715 3743 Deus
729 3688 783 3743 sibi
796 3688 936 3744 adversari
952 3689 1049 3760 nequit
1064 3705 1070 3743 :
1084 3698 1112 3744 at
1125 3688 1256 3760 quoniam
1271 3686 1363 3759 Scrip-

221 3785 283 3832 tura
305 3787 332 3832 et
351 3778 474 3835 Ecclesia
498 3779 581 3834 unius
604 3778 654 3833 bei
674 3794 744 3851 opus
767 3780 993 3850 comprobantur,
1014 3795 1129 3835 necesse
1151 3789 1194 3835 cst
1218 3787 1248 3835 ut
1270 3779 1363 3834 eadem

221 3865 315 3921 divina
329 3866 452 3925 doctrina
470 3870 629 3940 inutraque
644 3876 780 3924 occurrat.
801 3870 917 3924 Planum
931 3868 1015 3941 igitur
1030 3878 1073 3924 est
1090 3868 1161 3923 nihil
1177 3869 1206 3922 iu
1224 3868 1364 3939 Scriptura

222 3971 285 4012 csse
303 3970 384 4025 posse
400 3959 472 4027 quod
490 3960 621 4015 Ecclesiae
637 3959 757 4014 decretis
776 3959 832 4015 ulla
852 3959 959 4015 ratione
978 3960 1155 4025 adversetur;
1169 3957 1273 4029 alioqui
1293 3956 1365 4012 Deus

222 4046 297 4117 ipse,
311 4046 457 4119 utriusque
474 4060 584 4119 auctor,
598 4066 692 4108 secum
711 4061 859 4124 pugnarem
873 4050 946 4122 quod
965 4049 1012 4123 qui
1029 4048 1149 4118 diceret,
1165 4048 1269 4121 impius
1288 4062 1364 4119 aeque

255 4256 298 4324 (r)
317 4261 381 4309 sata.
394 4258 436 4309 tv.
