3150 5160
215 341 274 400 tel
440 354 579 398 nccnssm
600 353 732 397 roruxos
753 354 863 396 anunm
885 353 923 396 ac
945 352 1136 397 nonnaaruu.

247 502 300 558 Sed
323 502 382 555 haec
401 499 539 570 paneade
558 499 605 554 illa
623 498 777 570 quaestione
796 498 944 555 adnotasse
957 497 1067 554 sufficit.
1083 497 1218 565 Quoniam
1236 515 1301 554 vero
1320 516 1350 554 ea

210 608 272 662 quae
290 591 325 646 ad
344 589 495 645 Ecclesiam
514 589 648 656 attinent,
669 598 728 644 turn
749 589 777 644 iu
798 605 829 645 se
847 597 1017 661 spectatam,
1034 598 1094 645 tum
1114 604 1178 644 cum
1191 588 1352 645 hominihus

211 679 476 744 communicantem,
491 678 574 746 satis,
592 696 642 752 pro
661 679 789 735 instituto
808 687 919 746 nostro,
936 679 1075 734 illustrata
1091 678 1183 747 luere,
1199 681 1235 736 ad
1247 681 1353 751 reliqua

212 785 368 844 pergamus.
1148 779 1150 782 ’

679 1268 818 1350 calta
844 1268 902 1349 tl.

631 1575 663 1613 DE
683 1573 762 1613 ShCllh
783 1572 936 1614 scalatum,

250 1849 390 1906 Hactenus
408 1845 581 1902 auctoritatis
598 1861 614 1900 a
632 1844 743 1904 Christo
763 1846 921 1903 constitutae
946 1849 1097 1916 rationem,
1121 1851 1258 1918 indolem,
1275 1868 1347 1927 orga-

214 1942 353 2006 nismnm,
376 1937 460 1995 vitam
488 1945 571 2008 atque
598 1936 737 1993 actionem
761 1937 973 2009 conspeximus;
996 1949 1025 1995 et
1050 1940 1142 1997 exiis
1167 1958 1229 2014 quae
1251 1941 1280 1997 iu
1307 1942 1345 1997 his

215 2028 370 2088 statuendis
389 2036 417 2084 et
431 2025 602 2098 explicandis
614 2026 800 2083 disseruimus
813 2027 901 2098 liquet
918 2027 1049 2085 Ecclesiae
1066 2030 1160 2088 inesse
1176 2032 1344 2089 existentiam

215 2121 371 2192 propriam,
398 2117 595 2190 perfectam‚a
622 2118 699 2173 nullo
724 2117 909 2190 pendentem,
930 2126 961 2174 ut
986 2134 1047 2190 quaa
1076 2119 1104 2176 in
1132 2120 1236 2177 Christi
1262 2120 1345 2176 locum

215 2210 329 2268 suffecta
349 2208 433 2264 inerit
445 2208 628 2279 eumdemque
641 2208 748 2281 integre
763 2208 866 2266 reserat
884 2225 890 2264 :
910 2209 1002 2266 omnia
1017 2225 1082 2284 ergo
1095 2227 1157 2282 quae
1172 2212 1206 2268 ad
1225 2212 1346 2268 christia-

215 2319 280 2358 nam
295 2300 456 2375 religionem
475 2307 616 2371 spectant,
636 2299 868 2370 quemadmodum
887 2315 902 2354 a
921 2299 1048 2368 Christo,
1072 2301 1110 2358 ita
1130 2311 1158 2358 et
1176 2303 1211 2359 ah
1231 2303 1345 2359 Ecclesia

214 2392 336 2466 pendent
368 2405 401 2446 ac
422 2389 480 2445 vim
505 2404 615 2445 omnem
641 2388 764 2445 trahunt.
785 2389 908 2445 Ecclesia
927 2398 971 2446 est
993 2391 1054 2461 ipsa
1084 2390 1188 2448 Christi
1220 2392 1345 2449 revelatio

213 2482 337 2542 exterius
353 2480 460 2553 prodita
476 2495 508 2535 ac
524 2478 586 2536 vivo
604 2478 761 2552 organismo
778 2479 907 2551 praedita;
927 2480 1043 2552 proinde
1055 2483 1256 2554 complectatur
1271 2500 1346 2556 opor·
1366 2544 1369 2549 ,

214 2583 254 2630 tet
273 2572 403 2628 universa
416 2587 478 2642 quae
491 2569 575 2626 istius
590 2569 767 2627 revelationis
786 2580 864 2638 sunt,
884 2587 949 2638 nec,
966 2570 990 2628 si
1010 2571 1107 2628 stricte
1126 2573 1202 2645 loqui
1218 2573 1345 2639 velimus,

214 2664 364 2736 quidquam
387 2661 586 2718 christianismi
608 2669 652 2717 est
673 2670 750 2716 extra
772 2661 932 2718 Ecclesiam.

250 2755 353 2811 llerum
371 2753 399 2809 in
416 2751 568 2808 christiana
586 2751 734 2819 societate,
759 2768 820 2824 quae
833 2767 898 2808 vera
920 2768 953 2808 ac
969 2760 1099 2825 germana
1118 2769 1205 2808 unum
1224 2754 1347 2826 idemque

215 2855 258 2902 est
280 2861 344 2901 cum
366 2843 489 2899 Ecclesia
514 2840 665 2910 catholica,
690 2852 839 2899 occurrunt
864 2843 1013 2914 Scripturae
1035 2842 1170 2900 divinitus
1192 2845 1346 2915 inspiratae,

215 2949 277 3007 quae
299 2933 449 3006 peculiaris
467 2933 579 3004 quidam
605 2932 667 2990 sons
690 2934 869 2990 revelationis
892 2935 1043 3002 hahentur,
1068 2951 1185 3006 quaeque
1207 2945 1348 3008 propterea

215 3039 280 3096 pars
298 3031 363 3079 sunt
382 3022 502 3078 instituti
526 3023 682 3079 christiani.
702 3024 738 3082 Ut
765 3024 851 3099 igitur
877 3025 986 3096 plenior
1009 3025 1046 3082 sit
1071 3042 1154 3099 quam
1179 3025 1349 3084 instituimus

215 3114 250 3170 de
263 3112 392 3168 methodo
410 3112 544 3168 catholica
565 3111 730 3184 disputatio,
751 3130 865 3171 necesse
885 3124 928 3171 est
944 3124 974 3171 ut
991 3115 1117 3173 dicamus
1133 3118 1196 3189 quis
1216 3133 1250 3173 ex
1269 3118 1350 3191 hujus

216 3203 341 3261 methodi
360 3202 506 3274 principiis
530 3202 695 3260 statuendus
722 3204 759 3261 sit
781 3203 985 3277 Scripturarum
1012 3208 1105 3275 locus,
1135 3209 1199 3279 quis
1224 3225 1309 3275 usus;
1324 3219 1351 3267 et

215 3311 297 3361 vero,
317 3293 447 3366 quoniam
470 3293 589 3348 maxime
607 3293 742 3350 adversus
763 3304 947 3366 protestantes
964 3297 1087 3370 agimus,
1105 3297 1153 3369 qui
1173 3314 1351 3370 quaecumque

216 3387 375 3445 christianae
390 3383 532 3457 religionis
546 3383 653 3439 suntin
666 3385 734 3442 solis
747 3385 898 3458 scripturis
912 3395 1035 3460 ponunt,
1059 3388 1145 3443 altera
1161 3389 1268 3446 accedit
1283 3391 1351 3446 ratio

216 3495 266 3536 cur
283 3478 319 3534 de
338 3475 383 3533 his
398 3474 530 3549 singulari
545 3474 636 3532 studio
655 3476 836 3534 disseramus.

253 3569 317 3627 Tria
336 3577 428 3623 autem
451 3565 496 3622 hic
515 3566 692 3637 potissimum
717 3583 779 3624 esse
796 3567 927 3623 videntur
943 3569 1129 3639 explananda;
1146 3585 1208 3641 quae
1226 3570 1251 3626 si
1269 3569 1352 3642 probe

216 3661 403 3724 tenuerimus,
426 3659 540 3731 planum
558 3657 606 3714 liet
622 3675 676 3730 qua
692 3658 800 3716 ratione
818 3660 964 3734 theologus
980 3661 1135 3719 catholicus
1154 3664 1241 3720 sacris
1261 3663 1352 3734 Scrip-

217 3752 288 3810 turis
313 3751 353 3806 uti
383 3749 481 3806 debeat
505 3757 533 3803 et
566 3757 737 3821 quantopere
759 3765 855 3805 verum
887 3752 1047 3807 earumdem
1074 3752 1165 3807 locum
1191 3752 1352 3824 perturbent

217 3850 411 3914 protestantes
423 3839 535 3896 Scilicet
544 3838 705 3910 inquisituri
716 3856 813 3897 sumus
826 3857 893 3896 num
908 3841 1058 3914 Scripturae
1070 3850 1098 3898 et
1111 3857 1173 3899 esse
1186 3852 1215 3899 et
1227 3843 1352 3918 cognosci

217 3933 326 4005 possint
339 3931 399 3988 sine
411 3929 549 3995 Ecclesia;
565 3938 671 3995 utrum,
687 3929 735 3986 uhi
751 3940 823 3988 notae
840 3931 956 3998 luerint,
971 3932 1078 4006 integra
1092 3933 1188 4006 religio
1202 3933 1352 3990 christiana

218 4040 251 4081 ex
277 4022 334 4079 illis
356 4020 416 4077 erui
442 4028 539 4091 queat;
559 4028 645 4091 atque
672 4035 722 4087 an,
746 4030 785 4076 utv
799 4022 990 4096 intelligantur
1015 4034 1043 4079 et
1068 4033 1143 4080 recte
1164 4032 1350 4096 exponantur,

217 4111 375 4170 necessaria
388 4124 444 4165 non
456 4109 494 4164 sit
506 4109 643 4175 Ecclesia;
660 4141 696 4149 -
710 4109 830 4182 denique
840 4127 900 4183 quae
918 4113 954 4170 sit
969 4113 1175 4187 scripturarum
1189 4116 1311 4183 utilitas,
1325 4124 1351 4171 et

217 4202 280 4275 quis
301 4202 331 4258 iu
350 4199 473 4257 Ecclesia
495 4197 598 4256 Christi
625 4215 702 4257 usus.
