3166 5168
464 359 643 404 vrucuurrus
664 357 846 407 nentnuttSts.
1183 349 1219 407 91

78 511 293 581 interpretatnr;
307 515 339 563 ut
351 523 421 578 pene
439 514 507 577 quot
520 505 648 562 homines
665 513 746 572 sunt,
764 514 807 561 tot
819 504 897 560 illinc
910 504 1055 562 sententiaa
1068 508 1128 566 erui
1142 525 1224 579 posse

75 599 233 657 uideantur.
254 597 341 668 Atque
361 598 464 654 idcirco
486 596 603 651 multum
625 611 726 650 neccaro
748 599 801 660 cot,
815 595 935 666 'propter
960 602 1049 652 tentor
1071 603 1128 655 tuor
1148 604 1225 656 corii

76 691 181 747 moris
192 689 350 757 anfractus,
363 694 394 745 ut
409 687 571 758 prophetico
583 691 608 739 et
626 685 777 756 apostolico
797 686 1030 755 interpretationis
1043 687 1117 743 linea
1128 705 1224 745 recoo-

77 783 146 837 dunt
157 780 338 838 Ecclccimtici
354 784 379 834 ct
394 778 521 834 catholici
533 793 627 833 censor
639 792 763 832 normam
778 777 922 848 diripiatur
935 774 1019 850 ili.»

116 870 240 928 Obscura
259 870 343 945 igitur
361 877 405 925 est
422 868 577 939 Scriptura,
598 875 627 923 et
644 867 802 923 intellectus
821 868 883 939 ejus
905 866 959 922 sibi
979 867 1122 938 permissae
1147 880 1223 929 certo

78 961 185 1033 percipi
205 961 311 1032 nequit.
331 959 518 1031 Quapropter,
538 972 621 1029 quam
643 965 739 1028 postea
760 956 884 1017 decrevit
903 955 1066 1015 Tridentino
1085 958 1222 1031 synodus,

77 1049 205 1108 eamdem
230 1048 467 1120 interpretationis
488 1063 614 1104 normam
634 1047 731 1104 statuit
747 1056 858 1115 auctor,
873 1046 1044 1119 scripturam
1061 1064 1162 1121 nempe
1179 1050 1223 1106 in-

78 1140 257 1214 telligendam
271 1139 425 1198 secundum
444 1154 559 1196 sensnm
573 1157 588 1192 n
602 1154 680 1208 quem
696 1140 782 1195 tenuit
799 1145 823 1195 et
837 1144 904 1195 tenet
917 1145 1012 1195 comto
1030 1143 1116 1196 mour
1132 1140 1223 1199 Eccle-

79 1233 125 1288 sia
138 1229 200 1306 (i).

115 1322 157 1378 En
170 1337 235 1397 ergo
253 1322 299 1377 lex
317 1319 497 1385 universalis,
516 1334 551 1375 en
567 1319 696 1392 generale
714 1318 883 1390 principium
902 1319 976 1391 quod
994 1335 1092 1376 omnes
1109 1329 1223 1378 tuentur

77 1413 185 1470 Patres
205 1411 241 1469 dt
259 1409 369 1484 lougius
378 1408 592 1480 procedendum.
606 1408 767 1465 Definiendo
785 1418 828 1467 est
846 1410 963 1482 quaestio
981 1425 1080 1481 quam,
1098 1419 1129 1466 ut
1150 1410 1223 1468 dixi·

77 1519 156 1570 mus,
177 1502 314 1574 praecipuo
333 1499 425 1556 studio
446 1500 567 1557 versavit
588 1498 708 1557 eximius
724 1498 829 1557 doctor.
850 1499 931 1559 Enim
950 1516 1016 1557 vero
1038 1499 1099 1557 lieri
1116 1509 1222 1572 potest,

77 1602 106 1649 et
123 1593 221 1649 crebro
233 1591 346 1663 quidem
363 1588 474 1657 eccidit,
491 1599 522 1646 nt
533 1589 576 1646 vel
592 1590 663 1646 inter
680 1588 847 1657 catholicos,
857 1589 905 1662 qui
919 1590 1044 1650 eamdem
1058 1590 1221 1649 methodum

77 1690 233 1748 sectantur,
251 1681 287 1739 de
307 1696 363 1737 uno
381 1680 503 1738 alterove
521 1680 666 1755 religionis
684 1680 774 1752 capite
790 1681 882 1752 aliqua
899 1681 1042 1740 oboriatur
1061 1692 1223 1741 controver-

77 1770 133 1837 sia,
153 1770 217 1828 aliis
229 1769 304 1827 aliud
322 1770 523 1827 asserentibus.

114 1856 186 1925 Quid
199 1857 284 1932 igitur
304 1866 370 1914 tunc
388 1857 541 1931 agendum?
557 1856 617 1924 Qua
635 1858 746 1918 tandem
769 1860 878 1917 ratione
895 1859 1080 1919 discernenda
1097 1858 1221 1920 veritas?

76 1949 119 2005 En
131 1949 271 2006 vincentii
291 1964 483 2021 responsum:
506 1968 520 2002 c
541 1949 572 2005 ln
594 1949 654 2021 ipsa
673 1950 741 2008 item
759 1951 894 2011 catholica
914 1949 1037 2007 Ecclesia
1056 1965 1223 2024 magnopere

76 2037 229 2094 curandum
244 2047 287 2096 est
300 2046 332 2094 ut
344 2039 372 2095 id
386 2047 529 2096 teneamus
542 2041 614 2110 quod
626 2039 741 2110 ubique,
751 2041 821 2111 quod
833 2056 950 2110 seraper,
964 2040 1036 2111 qood
1048 2040 1083 2096 cb
1096 2041 1222 2095 omnibus

76 2129 211 2187 credituro
222 2133 270 2184 cot.
290 2129 348 2186 lloc
367 2138 411 2186 est
426 2131 530 2186 etenim
546 2145 612 2188 vere
631 2131 796 2202 proprieque
813 2130 993 2197 catholicum,
1013 2129 1088 2202 quod
1105 2129 1165 2200 ipsa
1177 2130 1221 2185 ris

77 2219 200 2276 nominis
221 2220 346 2291 ratioque
363 2219 499 2285 declarat,
519 2236 579 2292 quae
598 2221 690 2279 omnia
709 2220 767 2277 iere
788 2220 984 2279 universaliter
999 2221 1221 2291 comprehendit.

76 2307 129 2364 Sed
141 2309 194 2365 hoc
204 2308 242 2364 ita
254 2309 367 2367 demum
380 2309 443 2377 liet,
457 2310 482 2366 si
495 2327 644 2383 sequamur
656 2313 877 2381 calamitatem,
890 2315 1094 2384 antiquitatem,
1108 2328 1220 2368 conscu-

75 2399 187 2455 aicrwm.
203 2398 358 2470 Sequemur
370 2409 463 2456 autem
477 2401 685 2459 universitatem
698 2403 750 2459 boc
764 2403 859 2471 modo,
870 2403 895 2460 si
906 2405 1069 2460 benennam
1080 2402 1163 2459 duem
1173 2418 1226 2460 ves

76 2504 135 2545 ram
148 2505 211 2546 esse
223 2489 359 2548 fateamur
368 2508 450 2562 qnam
462 2500 519 2548 tota
533 2509 582 2564 per
595 2493 690 2550 orbem
704 2501 841 2552 terrarum
855 2495 1003 2551 confitetur
1015 2493 1148 2550 Ecclesia.
1162 2493 1219 2550 dn-

77 2580 234 2651 tiquitatem
247 2597 313 2638 vero
327 2582 380 2647 ita,
395 2583 418 2637 si
431 2582 466 2637 ab
479 2582 523 2637 bis
537 2582 667 2639 sensibus
679 2583 837 2640 nullatenus
850 2584 1011 2641 recedamus
1024 2599 1095 2654 quos
1108 2592 1219 2640 sanctos

77 2671 196 2742 maiores
213 2687 245 2726 ac
262 2680 355 2742 patres
368 2679 478 2726 nostros
490 2672 646 2728 celebrasse
659 2671 834 2729 manifestum
851 2681 904 2729 est.
918 2672 1136 2731 consensionem
1148 2689 1219 2743 quo·

77 2774 132 2828 que
145 2757 257 2822 itidem,
275 2757 300 2813 si
320 2757 349 2813 in
369 2757 430 2827 ipsa
444 2765 582 2813 vetustate
598 2759 722 2815 omnium
740 2761 784 2817 vel
802 2769 877 2817 certe
895 2776 965 2831 pene
982 2761 1107 2817 omnium
1126 2775 1219 2816 sacer·

76 2847 173 2903 dotum
185 2846 288 2918 pariter
301 2855 329 2905 et
342 2845 536 2919 magistrorum
554 2846 731 2905 definitiones
746 2851 955 2922 sententiasque
974 2859 1112 2909 sectemur
1127 2850 1187 2926 (5).
1202 2871 1224 2904 »-

77 2937 146 3005 Quis
173 2937 232 2993 haee
259 2937 403 3010 perlegens
433 2953 490 2993 non
515 2938 595 2994 vaide
620 2940 738 2998 miretur
767 2941 915 3014 aliquando
941 2956 973 2999 co
1000 2942 1120 2999 inscitiae
1155 2959 1225 3014 pro·.

77 3027 198 3085 cessisse
224 3035 427 3098 protestantes,
460 3036 492 3082 ut
518 3026 548 3082 in
577 3044 635 3085 snae
664 3029 799 3087 doctrinae
823 3029 1008 3101 patrocinium
1042 3031 1225 3087 vincentium,

76 3117 254 3181 advocarent,
279 3118 327 3188 qui
347 3134 363 3173 a
383 3116 473 3189 capite
497 3117 531 3175 ad
556 3119 659 3176 calcem
682 3120 921 3191 praestantissime
941 3121 1115 3181 tractationis
1141 3122 1218 3178 ilinrn

76 3217 210 3280 perpetuo
227 3208 341 3267 damnat
357 3209 522 3281 penitusque
539 3209 683 3267 convellit!
702 3211 737 3269 nt
749 3213 832 3269 caecis
846 3213 949 3279 oculis,
963 3223 1046 3285 atque
1066 3222 1097 3269 nt
1109 3212 1217 3285 profani

78 3306 107 3355 et
126 3297 264 3373 peregrini
283 3299 424 3364 homines,
439 3299 531 3357 omnia
546 3301 658 3357 Patrum
671 3300 774 3372 scripta
785 3302 968 3372 perlustrant,
982 3302 1053 3358 nibil
1070 3303 1128 3358 nisi
1141 3311 1219 3358 tene-

77 3391 143 3445 bras
164 3389 344 3446 offendentes.
359 3390 431 3458 Quid
445 3388 548 3463 igitur?
562 3391 623 3446 Non
644 3392 769 3462 ejusdem
781 3408 845 3451 curn
864 3393 993 3450 Patribus
1008 3391 1119 3447 familiae
1138 3401 1218 3457 sunt,

78 3478 222 3537 etidcirco
240 3495 336 3537 vocem
352 3496 447 3538 eorum
465 3496 520 3538 nnn
537 3480 675 3537 audiunt:
692 3501 706 3534 α
720 3481 776 3548 Qui
794 3497 829 3541 ec
843 3482 894 3537 beo
910 3488 960 3550 est,
975 3482 1067 3543 aiebat
1085 3482 1218 3539 Dominus

78 3570 195 3637 ludaeis,
217 3571 299 3627 uerbo
320 3572 370 3629 Dei
390 3572 480 3627 cudit.
504 3572 650 3643 Propterea
667 3589 714 3628 ooo
735 3589 790 3628 own
811 3573 933 3639 auditio,
955 3573 1023 3643 quic
1043 3589 1078 3633 em
1094 3572 1147 3627 lico
1164 3588 1224 3627 uon

78 3664 142 3719 estio
157 3658 214 3736 (l).
229 3681 244 3715 r
258 3663 291 3719 Et
304 3677 353 3736 ego
373 3661 539 3718 adversariis
552 3663 645 3720 dicere
662 3679 716 3721 nou
730 3662 827 3720 dubito
839 3680 849 3718 c
863 3664 1012 3735 Propterea
1024 3679 1074 3719 ros
1094 3677 1148 3718 non
1168 3678 1220 3718 au·

111 3808 154 3874 (l)
172 3810 199 3859 C.
214 3811 239 3859 2.
258 3806 341 3874 Atque
358 3807 393 3858 ita
415 3823 437 3858 c.
457 3809 487 3858 ll
505 3807 541 3858 ait
559 3806 614 3858 ideo
632 3808 659 3858 in
678 3824 790 3859 errorem
812 3809 914 3877 lapsum
936 3808 1084 3876 Origenem,
1105 3808 1173 3876 quod
1195 3809 1221 3859 in

79 3888 271 3956 interpretanda
284 3889 418 3957 Scriptura
426 3889 621 3941 ecclesiasticam
636 3889 799 3942 traditionem
812 3890 883 3942 dccci
896 3891 984 3942 lecerit
996 3906 1025 3939 :u
1036 3889 1110 3950 dum,
1121 3891 1220 3959 inquit,

78 3970 258 4022 ecclesiasticas
267 3970 416 4024 traditiones
430 3980 455 4022 et
466 3979 581 4022 veterum
594 3970 737 4038 magisteria
749 3981 926 4033 contemnens,
944 3972 1061 4040 quaedam
1072 3972 1220 4040 Scriptura-

78 4068 138 4102 rum
158 4052 271 4119 capitula
288 4068 352 4102 novo
370 4068 439 4103 more
456 4053 671 4120 interpretatur.»

114 4132 156 4197 (S)
178 4135 429 4200 tridentensem.
442 4139 483 4186 W.

113 4217 156 4280 (a)
174 4217 202 4266 c.
216 4220 241 4265 a.

115 4298 160 4361 (i)
178 4301 251 4348 loon.
268 4299 335 4361 Vlll,
354 4305 395 4349 tt.
