<?xml version="1.0" encoding="UTF-8"?>
<!DOCTYPE html PUBLIC "-//W3C//DTD XHTML 1.0 Transitional//EN"
    "http://www.w3.org/TR/xhtml1/DTD/xhtml1-transitional.dtd">
<html xmlns="http://www.w3.org/1999/xhtml" xml:lang="en" lang="en">
 <head>
  <title>
</title>
<meta http-equiv="Content-Type" content="text/html;charset=utf-8" />
  <meta name='ocr-system' content='tesseract 3.04.00' />
  <meta name='ocr-capabilities' content='ocr_page ocr_carea ocr_par ocr_line ocrx_word'/>
</head>
<body>
  <div class='ocr_page' id='page_1' title='image "./dissertatiohist00lafogoog_0231.png"; bbox 0 0 3150 5160; ppageno 0'>
   <div class='ocr_carea' id='block_1_1' title="bbox 223 370 966 430">
    <p class='ocr_par' dir='ltr' id='par_1_1' title="bbox 223 370 966 430">
     <span class='ocr_line' id='line_1_1' title="bbox 223 370 966 430; baseline -0.001 -1"><span class='ocrx_word' id='word_1_1' title='bbox 223 370 283 430; x_wconf 77' lang='lat' dir='ltr'>ato</span> <span class='ocrx_word' id='word_1_2' title='bbox 617 385 655 428; x_wconf 82' lang='lat' dir='ltr'>nu</span> <span class='ocrx_word' id='word_1_3' title='bbox 675 384 770 429; x_wconf 77' lang='lat' dir='ltr'>siena</span> <span class='ocrx_word' id='word_1_4' title='bbox 791 385 966 430; x_wconf 79' lang='lat' dir='ltr'>senrrrunt.</span> 
     </span>
    </p>
   </div>
   <div class='ocr_carea' id='block_1_2' title="bbox 213 530 1365 4309">
    <p class='ocr_par' dir='ltr' id='par_1_2' title="bbox 218 530 1365 1040">
     <span class='ocr_line' id='line_1_2' title="bbox 221 530 1364 605; baseline 0.002 -19"><span class='ocrx_word' id='word_1_5' title='bbox 221 531 304 587; x_wconf 92' lang='lat' dir='ltr'>nibus</span> <span class='ocrx_word' id='word_1_6' title='bbox 326 538 415 603; x_wconf 89' lang='lat' dir='ltr'>patet,</span> <span class='ocrx_word' id='word_1_7' title='bbox 428 545 505 587; x_wconf 89' lang='lat' dir='ltr'>sacra</span> <span class='ocrx_word' id='word_1_8' title='bbox 522 530 666 605; x_wconf 75' lang='lat' dir='ltr'>religionis</span> <span class='ocrx_word' id='word_1_9' title='bbox 679 532 835 588; x_wconf 91' lang='lat' dir='ltr'>oeconomia</span> <span class='ocrx_word' id='word_1_10' title='bbox 852 540 895 588; x_wconf 89' lang='lat' dir='ltr'>est</span> <span class='ocrx_word' id='word_1_11' title='bbox 914 531 1038 602; x_wconf 91' lang='lat' dir='ltr'>quamsi</span> <span class='ocrx_word' id='word_1_12' title='bbox 1055 531 1186 590; x_wconf 89' lang='lat' dir='ltr'>abessent</span> <span class='ocrx_word' id='word_1_13' title='bbox 1198 531 1364 605; x_wconf 64' lang='lat' dir='ltr'>scripturam</span> 
     </span>
     <span class='ocr_line' id='line_1_3' title="bbox 219 621 1365 694; baseline 0.001 -17"><span class='ocrx_word' id='word_1_14' title='bbox 219 638 274 694; x_wconf 93' lang='lat' dir='ltr'>quo</span> <span class='ocrx_word' id='word_1_15' title='bbox 296 622 327 677; x_wconf 89' lang='lat' dir='ltr'>lit</span> <span class='ocrx_word' id='word_1_16' title='bbox 348 630 380 677; x_wconf 92' lang='lat' dir='ltr'>ut</span> <span class='ocrx_word' id='word_1_17' title='bbox 399 622 512 676; x_wconf 79' lang='lat' dir='ltr'>maximi</span> <span class='ocrx_word' id='word_1_18' title='bbox 537 623 636 678; x_wconf 85' lang='lat' dir='ltr'>saltem</span> <span class='ocrx_word' id='word_1_19' title='bbox 659 623 793 679; x_wconf 85' lang='lat' dir='ltr'>momenti</span> <span class='ocrx_word' id='word_1_20' title='bbox 818 637 881 677; x_wconf 91' lang='lat' dir='ltr'>esse</span> <span class='ocrx_word' id='word_1_21' title='bbox 906 621 1122 693; x_wconf 76' lang='lat' dir='ltr'>conspiciantur.</span> <span class='ocrx_word' id='word_1_22' title='bbox 1148 624 1253 694; x_wconf 84' lang='lat' dir='ltr'>Nempe</span> <span class='ocrx_word' id='word_1_23' title='bbox 1278 639 1365 680; x_wconf 86' lang='lat' dir='ltr'>sacrae</span> 
     </span>
     <span class='ocr_line' id='line_1_4' title="bbox 220 712 1365 785; baseline 0.003 -19"><span class='ocrx_word' id='word_1_24' title='bbox 220 713 320 768; x_wconf 87' lang='lat' dir='ltr'>litterae</span> <span class='ocrx_word' id='word_1_25' title='bbox 335 712 369 767; x_wconf 93' lang='lat' dir='ltr'>ab</span> <span class='ocrx_word' id='word_1_26' title='bbox 387 713 509 767; x_wconf 78' lang='lat' dir='ltr'>Ecclesia</span> <span class='ocrx_word' id='word_1_27' title='bbox 526 712 634 785; x_wconf 86' lang='lat' dir='ltr'>sejungi</span> <span class='ocrx_word' id='word_1_28' title='bbox 653 720 810 784; x_wconf 90' lang='lat' dir='ltr'>nequeunt,</span> <span class='ocrx_word' id='word_1_29' title='bbox 830 714 879 769; x_wconf 91' lang='lat' dir='ltr'>sed</span> <span class='ocrx_word' id='word_1_30' title='bbox 892 728 983 784; x_wconf 92' lang='lat' dir='ltr'>neque</span> <span class='ocrx_word' id='word_1_31' title='bbox 1001 714 1060 768; x_wconf 86' lang='lat' dir='ltr'>haec</span> <span class='ocrx_word' id='word_1_32' title='bbox 1075 713 1111 769; x_wconf 92' lang='lat' dir='ltr'>ab</span> <span class='ocrx_word' id='word_1_33' title='bbox 1129 714 1186 770; x_wconf 92' lang='lat' dir='ltr'>illis</span> <span class='ocrx_word' id='word_1_34' title='bbox 1203 723 1248 770; x_wconf 91' lang='lat' dir='ltr'>est</span> <span class='ocrx_word' id='word_1_35' title='bbox 1260 714 1365 770; x_wconf 90' lang='lat' dir='ltr'>distra-</span> 
     </span>
     <span class='ocr_line' id='line_1_5' title="bbox 219 802 1365 876; baseline 0.003 -19"><span class='ocrx_word' id='word_1_36' title='bbox 219 802 310 858; x_wconf 93' lang='lat' dir='ltr'>henda</span> <span class='ocrx_word' id='word_1_37' title='bbox 325 819 331 858; x_wconf 90' lang='lat'>:</span> <span class='ocrx_word' id='word_1_38' title='bbox 347 817 411 872; x_wconf 91' lang='lat' dir='ltr'>pars</span> <span class='ocrx_word' id='word_1_39' title='bbox 424 810 490 857; x_wconf 92' lang='lat' dir='ltr'>sunt</span> <span class='ocrx_word' id='word_1_40' title='bbox 508 802 659 874; x_wconf 87' lang='lat' dir='ltr'>organismi</span> <span class='ocrx_word' id='word_1_41' title='bbox 679 803 762 858; x_wconf 90' lang='lat' dir='ltr'>istius</span> <span class='ocrx_word' id='word_1_42' title='bbox 778 803 865 858; x_wconf 84' lang='lat' dir='ltr'>divini</span> <span class='ocrx_word' id='word_1_43' title='bbox 883 803 930 874; x_wconf 91' lang='lat' dir='ltr'>qni</span> <span class='ocrx_word' id='word_1_44' title='bbox 945 804 1070 859; x_wconf 90' lang='lat' dir='ltr'>numeris</span> <span class='ocrx_word' id='word_1_45' title='bbox 1086 804 1217 860; x_wconf 92' lang='lat' dir='ltr'>omnibus</span> <span class='ocrx_word' id='word_1_46' title='bbox 1235 805 1365 876; x_wconf 81' lang='lat' dir='ltr'>expletus</span> 
     </span>
     <span class='ocr_line' id='line_1_6' title="bbox 218 893 1364 966; baseline 0.002 -18"><span class='ocrx_word' id='word_1_47' title='bbox 218 902 302 964; x_wconf 88' lang='lat' dir='ltr'>atque</span> <span class='ocrx_word' id='word_1_48' title='bbox 321 894 466 951; x_wconf 88' lang='lat' dir='ltr'>absolutus</span> <span class='ocrx_word' id='word_1_49' title='bbox 483 894 593 958; x_wconf 78' lang='lat' dir='ltr'>existit,</span> <span class='ocrx_word' id='word_1_50' title='bbox 608 893 746 966; x_wconf 88' lang='lat' dir='ltr'>cujusque</span> <span class='ocrx_word' id='word_1_51' title='bbox 762 894 885 951; x_wconf 90' lang='lat' dir='ltr'>membra</span> <span class='ocrx_word' id='word_1_52' title='bbox 898 894 991 949; x_wconf 93' lang='lat' dir='ltr'>omnia</span> <span class='ocrx_word' id='word_1_53' title='bbox 1009 894 1166 950; x_wconf 88' lang='lat' dir='ltr'>arctissimo</span> <span class='ocrx_word' id='word_1_54' title='bbox 1183 910 1257 951; x_wconf 83' lang='lat' dir='ltr'>nexu</span> <span class='ocrx_word' id='word_1_55' title='bbox 1272 895 1364 950; x_wconf 92' lang='lat' dir='ltr'>cohae-</span> 
     </span>
     <span class='ocr_line' id='line_1_7' title="bbox 219 976 993 1040; baseline 0.003 -3"><span class='ocrx_word' id='word_1_56' title='bbox 219 992 282 1038; x_wconf 94' lang='lat' dir='ltr'>rent</span> <span class='ocrx_word' id='word_1_57' title='bbox 299 991 328 1039; x_wconf 88' lang='lat' dir='ltr'>et</span> <span class='ocrx_word' id='word_1_58' title='bbox 345 984 500 1040; x_wconf 91' lang='lat' dir='ltr'>consociata</span> <span class='ocrx_word' id='word_1_59' title='bbox 522 992 596 1039; x_wconf 91' lang='lat' dir='ltr'>sunt.</span> <span class='ocrx_word' id='word_1_60' title='bbox 986 976 993 999; x_wconf 57' lang='lat'>⁸</span> 
     </span>
    </p>

    <p class='ocr_par' dir='ltr' id='par_1_3' title="bbox 213 1073 1364 4309">
     <span class='ocr_line' id='line_1_8' title="bbox 256 1073 1363 1146; baseline 0.001 -18"><span class='ocrx_word' id='word_1_61' title='bbox 256 1073 291 1128; x_wconf 89' lang='lat' dir='ltr'>Et</span> <span class='ocrx_word' id='word_1_62' title='bbox 303 1088 369 1129; x_wconf 89' lang='lat' dir='ltr'>vero</span> <span class='ocrx_word' id='word_1_63' title='bbox 384 1075 520 1145; x_wconf 85' lang='lat' dir='ltr'>plurimus</span> <span class='ocrx_word' id='word_1_64' title='bbox 538 1074 566 1129; x_wconf 92' lang='lat' dir='ltr'>in</span> <span class='ocrx_word' id='word_1_65' title='bbox 580 1074 705 1131; x_wconf 82' lang='lat' dir='ltr'>Ecclesia</span> <span class='ocrx_word' id='word_1_66' title='bbox 724 1073 847 1145; x_wconf 86' lang='lat' dir='ltr'>quotidie</span> <span class='ocrx_word' id='word_1_67' title='bbox 860 1073 985 1128; x_wconf 90' lang='lat' dir='ltr'>cernitur</span> <span class='ocrx_word' id='word_1_68' title='bbox 998 1088 1140 1130; x_wconf 87' lang='lat' dir='ltr'>sacrarum</span> <span class='ocrx_word' id='word_1_69' title='bbox 1154 1073 1363 1146; x_wconf 89' lang='lat' dir='ltr'>Scripturarum</span> 
     </span>
     <span class='ocr_line' id='line_1_9' title="bbox 219 1164 1364 1237; baseline 0.002 -19"><span class='ocrx_word' id='word_1_70' title='bbox 219 1179 297 1219; x_wconf 90' lang='lat' dir='ltr'>usus.</span> <span class='ocrx_word' id='word_1_71' title='bbox 321 1165 508 1236; x_wconf 82' lang='lat' dir='ltr'>Praeterquam</span> <span class='ocrx_word' id='word_1_72' title='bbox 534 1165 606 1235; x_wconf 94' lang='lat' dir='ltr'>quod</span> <span class='ocrx_word' id='word_1_73' title='bbox 629 1166 703 1221; x_wconf 90' lang='lat' dir='ltr'>enim</span> <span class='ocrx_word' id='word_1_74' title='bbox 725 1181 773 1221; x_wconf 88' lang='lat' dir='ltr'>eas</span> <span class='ocrx_word' id='word_1_75' title='bbox 795 1164 915 1237; x_wconf 79' lang='lat' dir='ltr'>theologi</span> <span class='ocrx_word' id='word_1_76' title='bbox 937 1164 966 1219; x_wconf 91' lang='lat' dir='ltr'>in</span> <span class='ocrx_word' id='word_1_77' title='bbox 990 1164 1182 1220; x_wconf 88' lang='lat' dir='ltr'>testimonium</span> <span class='ocrx_word' id='word_1_78' title='bbox 1206 1165 1364 1222; x_wconf 90' lang='lat' dir='ltr'>divinitatis</span> 
     </span>
     <span class='ocr_line' id='line_1_10' title="bbox 218 1252 1362 1328; baseline 0.003 -21"><span class='ocrx_word' id='word_1_79' title='bbox 218 1252 439 1320; x_wconf 88' lang='lat' dir='ltr'>christianismi,</span> <span class='ocrx_word' id='word_1_80' title='bbox 461 1254 541 1324; x_wconf 86' lang='lat' dir='ltr'>cujus</span> <span class='ocrx_word' id='word_1_81' title='bbox 558 1255 787 1328; x_wconf 84' lang='lat' dir='ltr'>praeparationem</span> <span class='ocrx_word' id='word_1_82' title='bbox 806 1263 834 1309; x_wconf 92' lang='lat' dir='ltr'>et</span> <span class='ocrx_word' id='word_1_83' title='bbox 851 1254 988 1325; x_wconf 89' lang='lat' dir='ltr'>stupenda</span> <span class='ocrx_word' id='word_1_84' title='bbox 1000 1255 1112 1310; x_wconf 83' lang='lat' dir='ltr'>exordia</span> <span class='ocrx_word' id='word_1_85' title='bbox 1131 1254 1271 1320; x_wconf 82' lang='lat' dir='ltr'>referunt,</span> <span class='ocrx_word' id='word_1_86' title='bbox 1291 1264 1362 1311; x_wconf 90' lang='lat' dir='ltr'>tam-</span> 
     </span>
     <span class='ocr_line' id='line_1_11' title="bbox 217 1343 1360 1415; baseline 0.003 -18"><span class='ocrx_word' id='word_1_87' title='bbox 217 1357 302 1412; x_wconf 86' lang='lat' dir='ltr'>quam</span> <span class='ocrx_word' id='word_1_88' title='bbox 320 1343 454 1399; x_wconf 91' lang='lat' dir='ltr'>historica</span> <span class='ocrx_word' id='word_1_89' title='bbox 467 1353 646 1400; x_wconf 88' lang='lat' dir='ltr'>monumenta</span> <span class='ocrx_word' id='word_1_90' title='bbox 664 1344 820 1400; x_wconf 88' lang='lat' dir='ltr'>certissima</span> <span class='ocrx_word' id='word_1_91' title='bbox 831 1345 894 1415; x_wconf 83' lang='lat' dir='ltr'>jure</span> <span class='ocrx_word' id='word_1_92' title='bbox 911 1345 1010 1400; x_wconf 90' lang='lat' dir='ltr'>merito</span> <span class='ocrx_word' id='word_1_93' title='bbox 1025 1345 1173 1409; x_wconf 88' lang='lat' dir='ltr'>advocant,</span> <span class='ocrx_word' id='word_1_94' title='bbox 1186 1354 1271 1415; x_wconf 91' lang='lat' dir='ltr'>atque</span> <span class='ocrx_word' id='word_1_95' title='bbox 1284 1345 1360 1412; x_wconf 92' lang='lat' dir='ltr'>inde,</span> 
     </span>
     <span class='ocr_line' id='line_1_12' title="bbox 219 1433 1360 1507; baseline -0.001 -19"><span class='ocrx_word' id='word_1_96' title='bbox 219 1439 251 1488; x_wconf 90' lang='lat' dir='ltr'>ut</span> <span class='ocrx_word' id='word_1_97' title='bbox 263 1433 401 1500; x_wconf 81' lang='lat' dir='ltr'>diximus,</span> <span class='ocrx_word' id='word_1_98' title='bbox 415 1443 577 1507; x_wconf 88' lang='lat' dir='ltr'>argumenta</span> <span class='ocrx_word' id='word_1_99' title='bbox 596 1436 680 1491; x_wconf 91' lang='lat' dir='ltr'>etiam</span> <span class='ocrx_word' id='word_1_100' title='bbox 698 1435 813 1491; x_wconf 87' lang='lat' dir='ltr'>eliciunt</span> <span class='ocrx_word' id='word_1_101' title='bbox 830 1434 933 1504; x_wconf 87' lang='lat' dir='ltr'>quibus</span> <span class='ocrx_word' id='word_1_102' title='bbox 945 1433 1076 1490; x_wconf 84' lang='lat' dir='ltr'>Ecclesiae</span> <span class='ocrx_word' id='word_1_103' title='bbox 1088 1434 1282 1490; x_wconf 87' lang='lat' dir='ltr'>auctoritatem</span> <span class='ocrx_word' id='word_1_104' title='bbox 1295 1449 1360 1490; x_wconf 92' lang='lat' dir='ltr'>eon-</span> 
     </span>
     <span class='ocr_line' id='line_1_13' title="bbox 218 1519 1358 1595; baseline 0.003 -21"><span class='ocrx_word' id='word_1_105' title='bbox 218 1519 346 1590; x_wconf 80' lang='lat' dir='ltr'>firment3</span> <span class='ocrx_word' id='word_1_106' title='bbox 363 1524 449 1578; x_wconf 92' lang='lat' dir='ltr'>multa</span> <span class='ocrx_word' id='word_1_107' title='bbox 473 1539 582 1595; x_wconf 91' lang='lat' dir='ltr'>quoque</span> <span class='ocrx_word' id='word_1_108' title='bbox 604 1539 638 1579; x_wconf 81' lang='lat' dir='ltr'>ex</span> <span class='ocrx_word' id='word_1_109' title='bbox 659 1524 730 1591; x_wconf 91' lang='lat' dir='ltr'>illis,</span> <span class='ocrx_word' id='word_1_110' title='bbox 755 1532 787 1579; x_wconf 85' lang='lat' dir='ltr'>ut</span> <span class='ocrx_word' id='word_1_111' title='bbox 806 1522 942 1579; x_wconf 82' lang='lat' dir='ltr'>divinitus</span> <span class='ocrx_word' id='word_1_112' title='bbox 963 1523 1120 1595; x_wconf 89' lang='lat' dir='ltr'>inspiratis,</span> <span class='ocrx_word' id='word_1_113' title='bbox 1136 1523 1305 1595; x_wconf 89' lang='lat' dir='ltr'>depromunt</span> <span class='ocrx_word' id='word_1_114' title='bbox 1319 1523 1358 1579; x_wconf 87' lang='lat' dir='ltr'>rei</span> 
     </span>
     <span class='ocr_line' id='line_1_14' title="bbox 218 1611 1359 1686; baseline 0.005 -21"><span class='ocrx_word' id='word_1_115' title='bbox 218 1611 380 1685; x_wconf 84' lang='lat' dir='ltr'>theologicae</span> <span class='ocrx_word' id='word_1_116' title='bbox 397 1614 569 1669; x_wconf 87' lang='lat' dir='ltr'>illustrandae</span> <span class='ocrx_word' id='word_1_117' title='bbox 586 1614 706 1671; x_wconf 86' lang='lat' dir='ltr'>maxime</span> <span class='ocrx_word' id='word_1_118' title='bbox 722 1614 830 1670; x_wconf 87' lang='lat' dir='ltr'>idonea.</span> <span class='ocrx_word' id='word_1_119' title='bbox 850 1615 958 1686; x_wconf 86' lang='lat' dir='ltr'>Duplici</span> <span class='ocrx_word' id='word_1_120' title='bbox 975 1624 1068 1670; x_wconf 89' lang='lat' dir='ltr'>autem</span> <span class='ocrx_word' id='word_1_121' title='bbox 1087 1615 1266 1686; x_wconf 90' lang='lat' dir='ltr'>potissimum</span> <span class='ocrx_word' id='word_1_122' title='bbox 1279 1613 1359 1671; x_wconf 91' lang='lat' dir='ltr'>modo</span> 
     </span>
     <span class='ocr_line' id='line_1_15' title="bbox 218 1699 1359 1776; baseline 0.006 -23"><span class='ocrx_word' id='word_1_123' title='bbox 218 1699 346 1775; x_wconf 82' lang='lat' dir='ltr'>theologo</span> <span class='ocrx_word' id='word_1_124' title='bbox 359 1704 475 1759; x_wconf 88' lang='lat' dir='ltr'>inservit</span> <span class='ocrx_word' id='word_1_125' title='bbox 488 1703 628 1774; x_wconf 89' lang='lat' dir='ltr'>Scriptura</span> <span class='ocrx_word' id='word_1_126' title='bbox 642 1721 649 1758; x_wconf 90' lang='lat'>:</span> <span class='ocrx_word' id='word_1_127' title='bbox 662 1705 706 1759; x_wconf 86' lang='lat' dir='ltr'>vel</span> <span class='ocrx_word' id='word_1_128' title='bbox 718 1704 747 1759; x_wconf 92' lang='lat' dir='ltr'>in</span> <span class='ocrx_word' id='word_1_129' title='bbox 759 1705 930 1776; x_wconf 85' lang='lat' dir='ltr'>exponendis</span> <span class='ocrx_word' id='word_1_130' title='bbox 943 1713 970 1760; x_wconf 89' lang='lat' dir='ltr'>et</span> <span class='ocrx_word' id='word_1_131' title='bbox 983 1705 1131 1775; x_wconf 90' lang='lat' dir='ltr'>probandis</span> <span class='ocrx_word' id='word_1_132' title='bbox 1145 1705 1359 1775; x_wconf 77' lang='lat' dir='ltr'>particularibus</span> 
     </span>
     <span class='ocr_line' id='line_1_16' title="bbox 217 1789 1359 1867; baseline 0.004 -21"><span class='ocrx_word' id='word_1_133' title='bbox 217 1789 352 1849; x_wconf 86' lang='lat' dir='ltr'>doctrinae</span> <span class='ocrx_word' id='word_1_134' title='bbox 378 1795 531 1867; x_wconf 84' lang='lat' dir='ltr'>capitibus,</span> <span class='ocrx_word' id='word_1_135' title='bbox 553 1795 597 1850; x_wconf 82' lang='lat' dir='ltr'>vel</span> <span class='ocrx_word' id='word_1_136' title='bbox 619 1795 648 1850; x_wconf 93' lang='lat' dir='ltr'>in</span> <span class='ocrx_word' id='word_1_137' title='bbox 674 1793 833 1851; x_wconf 82' lang='lat' dir='ltr'>refellendis</span> <span class='ocrx_word' id='word_1_138' title='bbox 860 1794 1052 1849; x_wconf 90' lang='lat' dir='ltr'>haereticorum</span> <span class='ocrx_word' id='word_1_139' title='bbox 1075 1794 1216 1850; x_wconf 90' lang='lat' dir='ltr'>erroribus</span> <span class='ocrx_word' id='word_1_140' title='bbox 1239 1811 1247 1849; x_wconf 79' lang='lat' dir='ltr'>t</span> <span class='ocrx_word' id='word_1_141' title='bbox 1272 1796 1359 1866; x_wconf 89' lang='lat' dir='ltr'>primo</span> 
     </span>
     <span class='ocr_line' id='line_1_17' title="bbox 217 1883 1359 1959; baseline 0.001 -21"><span class='ocrx_word' id='word_1_142' title='bbox 217 1883 331 1952; x_wconf 90' lang='lat' dir='ltr'>quidem</span> <span class='ocrx_word' id='word_1_143' title='bbox 345 1885 518 1959; x_wconf 89' lang='lat' dir='ltr'>singulorum</span> <span class='ocrx_word' id='word_1_144' title='bbox 538 1901 609 1956; x_wconf 90' lang='lat' dir='ltr'>pene</span> <span class='ocrx_word' id='word_1_145' title='bbox 629 1885 788 1958; x_wconf 86' lang='lat' dir='ltr'>dogmatum</span> <span class='ocrx_word' id='word_1_146' title='bbox 807 1899 868 1954; x_wconf 90' lang='lat' dir='ltr'>quae</span> <span class='ocrx_word' id='word_1_147' title='bbox 887 1893 964 1940; x_wconf 91' lang='lat' dir='ltr'>tenet</span> <span class='ocrx_word' id='word_1_148' title='bbox 980 1899 1012 1939; x_wconf 95' lang='lat' dir='ltr'>ac</span> <span class='ocrx_word' id='word_1_149' title='bbox 1025 1884 1109 1940; x_wconf 88' lang='lat' dir='ltr'>tradit</span> <span class='ocrx_word' id='word_1_150' title='bbox 1125 1885 1248 1940; x_wconf 89' lang='lat' dir='ltr'>Ecclesia</span> <span class='ocrx_word' id='word_1_151' title='bbox 1262 1885 1359 1956; x_wconf 90' lang='lat' dir='ltr'>proba-</span> 
     </span>
     <span class='ocr_line' id='line_1_18' title="bbox 216 1974 1358 2047; baseline 0.002 -17"><span class='ocrx_word' id='word_1_152' title='bbox 216 1974 308 2032; x_wconf 89' lang='lat' dir='ltr'>tiones</span> <span class='ocrx_word' id='word_1_153' title='bbox 327 1991 343 2031; x_wconf 92' lang='lat' dir='ltr'>e</span> <span class='ocrx_word' id='word_1_154' title='bbox 363 1976 513 2047; x_wconf 89' lang='lat' dir='ltr'>Scripturis</span> <span class='ocrx_word' id='word_1_155' title='bbox 535 1984 650 2047; x_wconf 90' lang='lat' dir='ltr'>petunt;</span> <span class='ocrx_word' id='word_1_156' title='bbox 671 1991 756 2047; x_wconf 91' lang='lat' dir='ltr'>quum</span> <span class='ocrx_word' id='word_1_157' title='bbox 778 1977 853 2030; x_wconf 89' lang='lat' dir='ltr'>enim</span> <span class='ocrx_word' id='word_1_158' title='bbox 876 1975 932 2045; x_wconf 84' lang='lat' dir='ltr'>jam</span> <span class='ocrx_word' id='word_1_159' title='bbox 953 1975 1025 2030; x_wconf 85' lang='lat' dir='ltr'>hene</span> <span class='ocrx_word' id='word_1_160' title='bbox 1051 1984 1117 2032; x_wconf 88' lang='lat' dir='ltr'>nota</span> <span class='ocrx_word' id='word_1_161' title='bbox 1141 1984 1183 2031; x_wconf 89' lang='lat' dir='ltr'>cst</span> <span class='ocrx_word' id='word_1_162' title='bbox 1207 1976 1358 2032; x_wconf 88' lang='lat' dir='ltr'>christiana</span> 
     </span>
     <span class='ocr_line' id='line_1_19' title="bbox 217 2065 1358 2138; baseline -0.004 -13"><span class='ocrx_word' id='word_1_163' title='bbox 217 2068 356 2135; x_wconf 89' lang='lat' dir='ltr'>doctrina,</span> <span class='ocrx_word' id='word_1_164' title='bbox 374 2068 523 2122; x_wconf 84' lang='lat' dir='ltr'>maximam</span> <span class='ocrx_word' id='word_1_165' title='bbox 550 2066 702 2138; x_wconf 89' lang='lat' dir='ltr'>partemin</span> <span class='ocrx_word' id='word_1_166' title='bbox 725 2065 813 2122; x_wconf 92' lang='lat' dir='ltr'>sacris</span> <span class='ocrx_word' id='word_1_167' title='bbox 831 2065 912 2121; x_wconf 91' lang='lat' dir='ltr'>libris</span> <span class='ocrx_word' id='word_1_168' title='bbox 932 2066 977 2120; x_wconf 84' lang='lat' dir='ltr'>vel</span> <span class='ocrx_word' id='word_1_169' title='bbox 996 2066 1138 2137; x_wconf 90' lang='lat' dir='ltr'>conceptis</span> <span class='ocrx_word' id='word_1_170' title='bbox 1156 2066 1253 2122; x_wconf 83' lang='lat' dir='ltr'>verbis</span> <span class='ocrx_word' id='word_1_171' title='bbox 1271 2081 1358 2122; x_wconf 89' lang='lat' dir='ltr'>enun-</span> 
     </span>
     <span class='ocr_line' id='line_1_20' title="bbox 216 2155 1358 2228; baseline -0.004 -12"><span class='ocrx_word' id='word_1_172' title='bbox 216 2158 283 2216; x_wconf 89' lang='lat' dir='ltr'>tiata</span> <span class='ocrx_word' id='word_1_173' title='bbox 305 2159 350 2215; x_wconf 82' lang='lat' dir='ltr'>uel</span> <span class='ocrx_word' id='word_1_174' title='bbox 372 2157 547 2214; x_wconf 87' lang='lat' dir='ltr'>subindicata</span> <span class='ocrx_word' id='word_1_175' title='bbox 570 2158 667 2212; x_wconf 90' lang='lat' dir='ltr'>saltem</span> <span class='ocrx_word' id='word_1_176' title='bbox 691 2155 787 2211; x_wconf 84' lang='lat' dir='ltr'>eadem</span> <span class='ocrx_word' id='word_1_177' title='bbox 805 2155 976 2228; x_wconf 77' lang='lat' dir='ltr'>agnoscitur,</span> <span class='ocrx_word' id='word_1_178' title='bbox 996 2155 1119 2227; x_wconf 82' lang='lat' dir='ltr'>adeoque</span> <span class='ocrx_word' id='word_1_179' title='bbox 1139 2156 1206 2212; x_wconf 92' lang='lat' dir='ltr'>hine</span> <span class='ocrx_word' id='word_1_180' title='bbox 1223 2166 1270 2212; x_wconf 87' lang='lat' dir='ltr'>sat</span> <span class='ocrx_word' id='word_1_181' title='bbox 1281 2157 1358 2212; x_wconf 86' lang='lat' dir='ltr'>firma</span> 
     </span>
     <span class='ocr_line' id='line_1_21' title="bbox 216 2245 1354 2320; baseline 0.001 -17"><span class='ocrx_word' id='word_1_182' title='bbox 216 2249 357 2304; x_wconf 91' lang='lat' dir='ltr'>ducuntur</span> <span class='ocrx_word' id='word_1_183' title='bbox 375 2257 535 2320; x_wconf 89' lang='lat' dir='ltr'>argumenta</span> <span class='ocrx_word' id='word_1_184' title='bbox 553 2263 614 2317; x_wconf 89' lang='lat' dir='ltr'>quae</span> <span class='ocrx_word' id='word_1_185' title='bbox 633 2247 709 2301; x_wconf 89' lang='lat' dir='ltr'>illam</span> <span class='ocrx_word' id='word_1_186' title='bbox 729 2245 871 2301; x_wconf 90' lang='lat' dir='ltr'>stabiliant</span> <span class='ocrx_word' id='word_1_187' title='bbox 892 2247 1081 2303; x_wconf 84' lang='lat' dir='ltr'>enucleentve.</span> <span class='ocrx_word' id='word_1_188' title='bbox 1101 2247 1169 2302; x_wconf 86' lang='lat' dir='ltr'>Eam</span> <span class='ocrx_word' id='word_1_189' title='bbox 1189 2248 1226 2304; x_wconf 93' lang='lat' dir='ltr'>ob</span> <span class='ocrx_word' id='word_1_190' title='bbox 1245 2264 1354 2304; x_wconf 88' lang='lat' dir='ltr'>eausam</span> 
     </span>
     <span class='ocr_line' id='line_1_22' title="bbox 216 2337 1353 2408; baseline 0 -14"><span class='ocrx_word' id='word_1_191' title='bbox 216 2339 342 2396; x_wconf 93' lang='lat' dir='ltr'>nonnulli</span> <span class='ocrx_word' id='word_1_192' title='bbox 361 2340 458 2395; x_wconf 88' lang='lat' dir='ltr'>Patres</span> <span class='ocrx_word' id='word_1_193' title='bbox 471 2337 539 2392; x_wconf 90' lang='lat' dir='ltr'>adeo</span> <span class='ocrx_word' id='word_1_194' title='bbox 555 2337 726 2408; x_wconf 79' lang='lat' dir='ltr'>scripturam</span> <span class='ocrx_word' id='word_1_195' title='bbox 742 2337 879 2392; x_wconf 83' lang='lat' dir='ltr'>extollunt</span> <span class='ocrx_word' id='word_1_196' title='bbox 896 2337 1021 2408; x_wconf 89' lang='lat' dir='ltr'>tantique</span> <span class='ocrx_word' id='word_1_197' title='bbox 1033 2338 1124 2394; x_wconf 84' lang='lat' dir='ltr'>facere</span> <span class='ocrx_word' id='word_1_198' title='bbox 1136 2339 1242 2405; x_wconf 89' lang='lat' dir='ltr'>solent,</span> <span class='ocrx_word' id='word_1_199' title='bbox 1255 2349 1353 2396; x_wconf 91' lang='lat' dir='ltr'>utnon</span> 
     </span>
     <span class='ocr_line' id='line_1_23' title="bbox 214 2427 1355 2501; baseline 0.001 -15"><span class='ocrx_word' id='word_1_200' title='bbox 214 2429 306 2487; x_wconf 90' lang='lat' dir='ltr'>omnia</span> <span class='ocrx_word' id='word_1_201' title='bbox 330 2429 411 2484; x_wconf 94' lang='lat' dir='ltr'>modo</span> <span class='ocrx_word' id='word_1_202' title='bbox 428 2428 486 2483; x_wconf 89' lang='lat' dir='ltr'>lere</span> <span class='ocrx_word' id='word_1_203' title='bbox 502 2427 603 2483; x_wconf 86' lang='lat' dir='ltr'>divinae</span> <span class='ocrx_word' id='word_1_204' title='bbox 621 2427 799 2484; x_wconf 88' lang='lat' dir='ltr'>revelationis</span> <span class='ocrx_word' id='word_1_205' title='bbox 817 2427 926 2483; x_wconf 90' lang='lat' dir='ltr'>decreta</span> <span class='ocrx_word' id='word_1_206' title='bbox 947 2444 981 2483; x_wconf 82' lang='lat' dir='ltr'>ex</span> <span class='ocrx_word' id='word_1_207' title='bbox 1001 2429 1050 2483; x_wconf 92' lang='lat' dir='ltr'>illa</span> <span class='ocrx_word' id='word_1_208' title='bbox 1069 2437 1168 2485; x_wconf 90' lang='lat' dir='ltr'>eruant</span> <span class='ocrx_word' id='word_1_209' title='bbox 1186 2438 1215 2485; x_wconf 95' lang='lat' dir='ltr'>et</span> <span class='ocrx_word' id='word_1_210' title='bbox 1231 2445 1355 2501; x_wconf 79' lang='lat' dir='ltr'>compro</span> 
     </span>
     <span class='ocr_line' id='line_1_24' title="bbox 213 2517 1355 2591; baseline 0.002 -16"><span class='ocrx_word' id='word_1_211' title='bbox 213 2519 296 2586; x_wconf 90' lang='lat' dir='ltr'>bent,</span> <span class='ocrx_word' id='word_1_212' title='bbox 310 2519 359 2575; x_wconf 92' lang='lat' dir='ltr'>sed</span> <span class='ocrx_word' id='word_1_213' title='bbox 372 2527 400 2574; x_wconf 87' lang='lat' dir='ltr'>et</span> <span class='ocrx_word' id='word_1_214' title='bbox 418 2517 557 2575; x_wconf 88' lang='lat' dir='ltr'>interdum</span> <span class='ocrx_word' id='word_1_215' title='bbox 570 2518 608 2572; x_wconf 91' lang='lat' dir='ltr'>ita</span> <span class='ocrx_word' id='word_1_216' title='bbox 629 2533 711 2591; x_wconf 85' lang='lat' dir='ltr'>agere</span> <span class='ocrx_word' id='word_1_217' title='bbox 728 2517 876 2573; x_wconf 84' lang='lat' dir='ltr'>videantur</span> <span class='ocrx_word' id='word_1_218' title='bbox 892 2518 1007 2589; x_wconf 89' lang='lat' dir='ltr'>perinde</span> <span class='ocrx_word' id='word_1_219' title='bbox 1019 2534 1053 2573; x_wconf 87' lang='lat' dir='ltr'>ac</span> <span class='ocrx_word' id='word_1_220' title='bbox 1065 2520 1090 2575; x_wconf 88' lang='lat' dir='ltr'>sl</span> <span class='ocrx_word' id='word_1_221' title='bbox 1103 2535 1135 2574; x_wconf 90' lang='lat' dir='ltr'>ea</span> <span class='ocrx_word' id='word_1_222' title='bbox 1148 2518 1257 2575; x_wconf 90' lang='lat' dir='ltr'>homini</span> <span class='ocrx_word' id='word_1_223' title='bbox 1270 2521 1355 2577; x_wconf 86' lang='lat' dir='ltr'>chris·</span> 
     </span>
     <span class='ocr_line' id='line_1_25' title="bbox 215 2606 1353 2681; baseline 0.002 -16"><span class='ocrx_word' id='word_1_224' title='bbox 215 2610 290 2665; x_wconf 86' lang='lat' dir='ltr'>tiano</span> <span class='ocrx_word' id='word_1_225' title='bbox 306 2609 335 2663; x_wconf 92' lang='lat' dir='ltr'>in</span> <span class='ocrx_word' id='word_1_226' title='bbox 358 2608 521 2664; x_wconf 85' lang='lat' dir='ltr'>universum</span> <span class='ocrx_word' id='word_1_227' title='bbox 542 2606 696 2674; x_wconf 84' lang='lat' dir='ltr'>sufficeret;</span> <span class='ocrx_word' id='word_1_228' title='bbox 720 2616 803 2679; x_wconf 89' lang='lat' dir='ltr'>atque</span> <span class='ocrx_word' id='word_1_229' title='bbox 829 2607 894 2664; x_wconf 93' lang='lat' dir='ltr'>iude</span> <span class='ocrx_word' id='word_1_230' title='bbox 914 2607 1018 2664; x_wconf 81' lang='lat' dir='ltr'>factum</span> <span class='ocrx_word' id='word_1_231' title='bbox 1039 2617 1135 2665; x_wconf 90' lang='lat' dir='ltr'>estut</span> <span class='ocrx_word' id='word_1_232' title='bbox 1157 2618 1353 2681; x_wconf 85' lang='lat' dir='ltr'>protestantes,</span> 
     </span>
     <span class='ocr_line' id='line_1_26' title="bbox 213 2696 1354 2772; baseline 0 -17"><span class='ocrx_word' id='word_1_233' title='bbox 213 2699 280 2755; x_wconf 88' lang='lat' dir='ltr'>talia</span> <span class='ocrx_word' id='word_1_234' title='bbox 297 2699 371 2770; x_wconf 91' lang='lat' dir='ltr'>apud</span> <span class='ocrx_word' id='word_1_235' title='bbox 388 2699 522 2770; x_wconf 90' lang='lat' dir='ltr'>quosdam</span> <span class='ocrx_word' id='word_1_236' title='bbox 541 2699 637 2753; x_wconf 88' lang='lat' dir='ltr'>Patres</span> <span class='ocrx_word' id='word_1_237' title='bbox 659 2696 843 2765; x_wconf 84' lang='lat' dir='ltr'>offendentes,</span> <span class='ocrx_word' id='word_1_238' title='bbox 866 2699 1027 2772; x_wconf 85' lang='lat' dir='ltr'>colligerent</span> <span class='ocrx_word' id='word_1_239' title='bbox 1047 2715 1082 2755; x_wconf 80' lang='lat' dir='ltr'>ex</span> <span class='ocrx_word' id='word_1_240' title='bbox 1100 2699 1201 2755; x_wconf 89' lang='lat' dir='ltr'>horum</span> <span class='ocrx_word' id='word_1_241' title='bbox 1217 2701 1354 2757; x_wconf 88' lang='lat' dir='ltr'>sententia</span> 
     </span>
     <span class='ocr_line' id='line_1_27' title="bbox 214 2787 1354 2862; baseline 0.003 -18"><span class='ocrx_word' id='word_1_242' title='bbox 214 2787 373 2861; x_wconf 83' lang='lat' dir='ltr'>Scripturas</span> <span class='ocrx_word' id='word_1_243' title='bbox 400 2789 455 2844; x_wconf 93' lang='lat' dir='ltr'>sibi</span> <span class='ocrx_word' id='word_1_244' title='bbox 479 2788 631 2858; x_wconf 88' lang='lat' dir='ltr'>permissas</span> <span class='ocrx_word' id='word_1_245' title='bbox 654 2789 784 2845; x_wconf 90' lang='lat' dir='ltr'>omnibus</span> <span class='ocrx_word' id='word_1_246' title='bbox 808 2789 946 2855; x_wconf 85' lang='lat' dir='ltr'>sufficere,</span> <span class='ocrx_word' id='word_1_247' title='bbox 971 2791 1087 2846; x_wconf 90' lang='lat' dir='ltr'>minime</span> <span class='ocrx_word' id='word_1_248' title='bbox 1107 2806 1173 2847; x_wconf 82' lang='lat' dir='ltr'>uero</span> <span class='ocrx_word' id='word_1_249' title='bbox 1197 2806 1269 2862; x_wconf 89' lang='lat' dir='ltr'>opus</span> <span class='ocrx_word' id='word_1_250' title='bbox 1294 2806 1354 2848; x_wconf 86' lang='lat' dir='ltr'>csse</span> 
     </span>
     <span class='ocr_line' id='line_1_28' title="bbox 215 2877 1356 2956; baseline 0.004 -21"><span class='ocrx_word' id='word_1_251' title='bbox 215 2880 346 2935; x_wconf 78' lang='lat' dir='ltr'>Ecclesiae</span> <span class='ocrx_word' id='word_1_252' title='bbox 368 2877 532 2934; x_wconf 85' lang='lat' dir='ltr'>auctoritate</span> <span class='ocrx_word' id='word_1_253' title='bbox 546 2893 553 2934; x_wconf 90' lang='lat'>:</span> <span class='ocrx_word' id='word_1_254' title='bbox 566 2879 741 2936; x_wconf 86' lang='lat' dir='ltr'>adversarios</span> <span class='ocrx_word' id='word_1_255' title='bbox 761 2895 882 2952; x_wconf 91' lang='lat' dir='ltr'>namque</span> <span class='ocrx_word' id='word_1_256' title='bbox 901 2881 982 2952; x_wconf 87' lang='lat' dir='ltr'>plane</span> <span class='ocrx_word' id='word_1_257' title='bbox 997 2881 1065 2937; x_wconf 90' lang='lat' dir='ltr'>latet</span> <span class='ocrx_word' id='word_1_258' title='bbox 1086 2881 1258 2938; x_wconf 87' lang='lat' dir='ltr'>christianus</span> <span class='ocrx_word' id='word_1_259' title='bbox 1280 2897 1356 2956; x_wconf 87' lang='lat' dir='ltr'>orga-</span> 
     </span>
     <span class='ocr_line' id='line_1_29' title="bbox 215 2970 1355 3043; baseline 0.002 -19"><span class='ocrx_word' id='word_1_260' title='bbox 215 2970 339 3036; x_wconf 87' lang='lat' dir='ltr'>nismos,</span> <span class='ocrx_word' id='word_1_261' title='bbox 357 2970 501 3024; x_wconf 90' lang='lat' dir='ltr'>etidcirco</span> <span class='ocrx_word' id='word_1_262' title='bbox 520 2984 582 3039; x_wconf 85' lang='lat' dir='ltr'>quae</span> <span class='ocrx_word' id='word_1_263' title='bbox 595 2970 676 3026; x_wconf 88' lang='lat' dir='ltr'>nobis</span> <span class='ocrx_word' id='word_1_264' title='bbox 688 2979 746 3025; x_wconf 89' lang='lat' dir='ltr'>tam</span> <span class='ocrx_word' id='word_1_265' title='bbox 759 2980 853 3042; x_wconf 90' lang='lat' dir='ltr'>aperta</span> <span class='ocrx_word' id='word_1_266' title='bbox 869 2971 1028 3042; x_wconf 89' lang='lat' dir='ltr'>optimeque</span> <span class='ocrx_word' id='word_1_267' title='bbox 1044 2986 1108 3028; x_wconf 90' lang='lat' dir='ltr'>eum</span> <span class='ocrx_word' id='word_1_268' title='bbox 1123 2971 1270 3026; x_wconf 87' lang='lat' dir='ltr'>catholicis</span> <span class='ocrx_word' id='word_1_269' title='bbox 1282 2972 1355 3043; x_wconf 92' lang='lat' dir='ltr'>priu-</span> 
     </span>
     <span class='ocr_line' id='line_1_30' title="bbox 215 3059 1354 3132; baseline 0 -16"><span class='ocrx_word' id='word_1_270' title='bbox 215 3060 297 3130; x_wconf 91' lang='lat' dir='ltr'>cipiis</span> <span class='ocrx_word' id='word_1_271' title='bbox 310 3059 477 3114; x_wconf 89' lang='lat' dir='ltr'>cohaerentia</span> <span class='ocrx_word' id='word_1_272' title='bbox 489 3067 555 3114; x_wconf 94' lang='lat' dir='ltr'>sunt</span> <span class='ocrx_word' id='word_1_273' title='bbox 572 3059 685 3114; x_wconf 82' lang='lat' dir='ltr'>Petrum</span> <span class='ocrx_word' id='word_1_274' title='bbox 698 3059 786 3125; x_wconf 89' lang='lat' dir='ltr'>diota,</span> <span class='ocrx_word' id='word_1_275' title='bbox 800 3060 853 3131; x_wconf 91' lang='lat' dir='ltr'>ipsi</span> <span class='ocrx_word' id='word_1_276' title='bbox 867 3059 978 3130; x_wconf 90' lang='lat' dir='ltr'>penitus</span> <span class='ocrx_word' id='word_1_277' title='bbox 991 3060 1154 3130; x_wconf 89' lang='lat' dir='ltr'>perturbant</span> <span class='ocrx_word' id='word_1_278' title='bbox 1164 3075 1198 3115; x_wconf 91' lang='lat' dir='ltr'>ac</span> <span class='ocrx_word' id='word_1_279' title='bbox 1210 3076 1354 3132; x_wconf 90' lang='lat' dir='ltr'>perperam</span> 
     </span>
     <span class='ocr_line' id='line_1_31' title="bbox 215 3150 1354 3224; baseline 0.003 -18"><span class='ocrx_word' id='word_1_280' title='bbox 215 3152 383 3224; x_wconf 89' lang='lat' dir='ltr'>intelligunt.</span> <span class='ocrx_word' id='word_1_281' title='bbox 402 3152 466 3206; x_wconf 87' lang='lat' dir='ltr'>llaec</span> <span class='ocrx_word' id='word_1_282' title='bbox 484 3150 689 3221; x_wconf 89' lang='lat' dir='ltr'>Scripturarum</span> <span class='ocrx_word' id='word_1_283' title='bbox 705 3150 779 3215; x_wconf 88' lang='lat' dir='ltr'>laus,</span> <span class='ocrx_word' id='word_1_284' title='bbox 794 3151 874 3221; x_wconf 89' lang='lat' dir='ltr'>isque</span> <span class='ocrx_word' id='word_1_285' title='bbox 887 3167 955 3207; x_wconf 91' lang='lat' dir='ltr'>usus</span> <span class='ocrx_word' id='word_1_286' title='bbox 968 3161 1095 3208; x_wconf 89' lang='lat' dir='ltr'>accurata</span> <span class='ocrx_word' id='word_1_287' title='bbox 1114 3161 1143 3207; x_wconf 91' lang='lat' dir='ltr'>et</span> <span class='ocrx_word' id='word_1_288' title='bbox 1153 3152 1229 3222; x_wconf 83' lang='lat' dir='ltr'>justa</span> <span class='ocrx_word' id='word_1_289' title='bbox 1241 3154 1354 3210; x_wconf 88' lang='lat' dir='ltr'>omnino</span> 
     </span>
     <span class='ocr_line' id='line_1_32' title="bbox 216 3239 1355 3315; baseline 0.003 -18"><span class='ocrx_word' id='word_1_290' title='bbox 216 3250 293 3306; x_wconf 92' lang='lat' dir='ltr'>sunt,</span> <span class='ocrx_word' id='word_1_291' title='bbox 306 3240 456 3296; x_wconf 92' lang='lat' dir='ltr'>dummodo</span> <span class='ocrx_word' id='word_1_292' title='bbox 469 3255 538 3295; x_wconf 91' lang='lat' dir='ltr'>suus</span> <span class='ocrx_word' id='word_1_293' title='bbox 551 3239 620 3310; x_wconf 91' lang='lat' dir='ltr'>ipsis</span> <span class='ocrx_word' id='word_1_294' title='bbox 630 3240 770 3296; x_wconf 87' lang='lat' dir='ltr'>tribuatur</span> <span class='ocrx_word' id='word_1_295' title='bbox 782 3241 869 3298; x_wconf 89' lang='lat' dir='ltr'>locus.</span> <span class='ocrx_word' id='word_1_296' title='bbox 883 3242 935 3298; x_wconf 91' lang='lat' dir='ltr'>llbi</span> <span class='ocrx_word' id='word_1_297' title='bbox 945 3251 1038 3298; x_wconf 78' lang='lat' dir='ltr'>mmen</span> <span class='ocrx_word' id='word_1_298' title='bbox 1052 3243 1104 3298; x_wconf 87' lang='lat' dir='ltr'>hac</span> <span class='ocrx_word' id='word_1_299' title='bbox 1115 3243 1223 3298; x_wconf 87' lang='lat' dir='ltr'>ratione</span> <span class='ocrx_word' id='word_1_300' title='bbox 1236 3259 1252 3298; x_wconf 92' lang='lat' dir='ltr'>e</span> <span class='ocrx_word' id='word_1_301' title='bbox 1265 3243 1355 3315; x_wconf 88' lang='lat' dir='ltr'>Scrip-</span> 
     </span>
     <span class='ocr_line' id='line_1_33' title="bbox 215 3331 1354 3406; baseline 0.001 -17"><span class='ocrx_word' id='word_1_302' title='bbox 215 3343 277 3390; x_wconf 88' lang='lat' dir='ltr'>tura</span> <span class='ocrx_word' id='word_1_303' title='bbox 299 3340 508 3406; x_wconf 88' lang='lat' dir='ltr'>argumentatur</span> <span class='ocrx_word' id='word_1_304' title='bbox 530 3331 690 3405; x_wconf 85' lang='lat' dir='ltr'>theologus,</span> <span class='ocrx_word' id='word_1_305' title='bbox 713 3331 799 3402; x_wconf 90' lang='lat' dir='ltr'>probe</span> <span class='ocrx_word' id='word_1_306' title='bbox 823 3347 933 3404; x_wconf 90' lang='lat' dir='ltr'>semper</span> <span class='ocrx_word' id='word_1_307' title='bbox 958 3333 1012 3388; x_wconf 93' lang='lat' dir='ltr'>sibi</span> <span class='ocrx_word' id='word_1_308' title='bbox 1034 3333 1164 3388; x_wconf 89' lang='lat' dir='ltr'>conscius</span> <span class='ocrx_word' id='word_1_309' title='bbox 1186 3334 1224 3389; x_wconf 91' lang='lat' dir='ltr'>sit</span> <span class='ocrx_word' id='word_1_310' title='bbox 1247 3342 1354 3406; x_wconf 89' lang='lat' dir='ltr'>oportet</span> 
     </span>
     <span class='ocr_line' id='line_1_34' title="bbox 214 3422 1354 3496; baseline 0.003 -16"><span class='ocrx_word' id='word_1_311' title='bbox 214 3426 290 3480; x_wconf 88' lang='lat' dir='ltr'>varia</span> <span class='ocrx_word' id='word_1_312' title='bbox 309 3424 357 3479; x_wconf 93' lang='lat' dir='ltr'>illa</span> <span class='ocrx_word' id='word_1_313' title='bbox 377 3422 510 3479; x_wconf 89' lang='lat' dir='ltr'>doetrinae</span> <span class='ocrx_word' id='word_1_314' title='bbox 532 3422 622 3493; x_wconf 88' lang='lat' dir='ltr'>capita</span> <span class='ocrx_word' id='word_1_315' title='bbox 640 3422 798 3478; x_wconf 85' lang='lat' dir='ltr'>firmitatem</span> <span class='ocrx_word' id='word_1_316' title='bbox 816 3438 895 3479; x_wconf 89' lang='lat' dir='ltr'>suam</span> <span class='ocrx_word' id='word_1_317' title='bbox 914 3423 1024 3494; x_wconf 88' lang='lat' dir='ltr'>proprie</span> <span class='ocrx_word' id='word_1_318' title='bbox 1040 3439 1073 3478; x_wconf 91' lang='lat' dir='ltr'>ae</span> <span class='ocrx_word' id='word_1_319' title='bbox 1088 3425 1178 3496; x_wconf 92' lang='lat' dir='ltr'>primo</span> <span class='ocrx_word' id='word_1_320' title='bbox 1195 3441 1253 3481; x_wconf 90' lang='lat' dir='ltr'>non</span> <span class='ocrx_word' id='word_1_321' title='bbox 1274 3441 1291 3482; x_wconf 91' lang='lat' dir='ltr'>e</span> <span class='ocrx_word' id='word_1_322' title='bbox 1312 3442 1354 3482; x_wconf 87' lang='lat' dir='ltr'>sa-</span> 
     </span>
     <span class='ocr_line' id='line_1_35' title="bbox 215 3513 1354 3589; baseline 0.002 -18"><span class='ocrx_word' id='word_1_323' title='bbox 215 3515 271 3571; x_wconf 91' lang='lat' dir='ltr'>cris</span> <span class='ocrx_word' id='word_1_324' title='bbox 294 3514 396 3570; x_wconf 90' lang='lat' dir='ltr'>litteris</span> <span class='ocrx_word' id='word_1_325' title='bbox 413 3514 539 3580; x_wconf 85' lang='lat' dir='ltr'>trahere,</span> <span class='ocrx_word' id='word_1_326' title='bbox 562 3513 633 3568; x_wconf 92' lang='lat' dir='ltr'>bene</span> <span class='ocrx_word' id='word_1_327' title='bbox 655 3527 721 3568; x_wconf 88' lang='lat' dir='ltr'>vero</span> <span class='ocrx_word' id='word_1_328' title='bbox 743 3528 777 3568; x_wconf 88' lang='lat' dir='ltr'>ex</span> <span class='ocrx_word' id='word_1_329' title='bbox 799 3513 930 3568; x_wconf 86' lang='lat' dir='ltr'>Ecclesiae</span> <span class='ocrx_word' id='word_1_330' title='bbox 951 3515 1128 3582; x_wconf 89' lang='lat' dir='ltr'>auctoritate,</span> <span class='ocrx_word' id='word_1_331' title='bbox 1155 3525 1354 3589; x_wconf 88' lang='lat' dir='ltr'>proptereaque</span> 
     </span>
     <span class='ocr_line' id='line_1_36' title="bbox 215 3603 1353 3673; baseline 0.001 -12"><span class='ocrx_word' id='word_1_332' title='bbox 215 3621 279 3661; x_wconf 91' lang='lat' dir='ltr'>eum</span> <span class='ocrx_word' id='word_1_333' title='bbox 292 3605 410 3660; x_wconf 89' lang='lat' dir='ltr'>istarum</span> <span class='ocrx_word' id='word_1_334' title='bbox 426 3604 510 3659; x_wconf 88' lang='lat' dir='ltr'>linem</span> <span class='ocrx_word' id='word_1_335' title='bbox 529 3619 592 3659; x_wconf 87' lang='lat' dir='ltr'>esse</span> <span class='ocrx_word' id='word_1_336' title='bbox 608 3612 639 3658; x_wconf 91' lang='lat' dir='ltr'>ut</span> <span class='ocrx_word' id='word_1_337' title='bbox 656 3603 766 3659; x_wconf 90' lang='lat' dir='ltr'>decreta</span> <span class='ocrx_word' id='word_1_338' title='bbox 781 3603 838 3673; x_wconf 87' lang='lat' dir='ltr'>jam</span> <span class='ocrx_word' id='word_1_339' title='bbox 857 3603 970 3659; x_wconf 89' lang='lat' dir='ltr'>aliunde</span> <span class='ocrx_word' id='word_1_340' title='bbox 982 3612 1058 3661; x_wconf 88' lang='lat' dir='ltr'>certa</span> <span class='ocrx_word' id='word_1_341' title='bbox 1070 3605 1234 3663; x_wconf 86' lang='lat' dir='ltr'>confirment</span> <span class='ocrx_word' id='word_1_342' title='bbox 1246 3616 1294 3662; x_wconf 90' lang='lat' dir='ltr'>aut</span> <span class='ocrx_word' id='word_1_343' title='bbox 1307 3622 1353 3662; x_wconf 82' lang='lat' dir='ltr'>ex-</span> 
     </span>
     <span class='ocr_line' id='line_1_37' title="bbox 215 3693 1352 3768; baseline 0.001 -19"><span class='ocrx_word' id='word_1_344' title='bbox 215 3695 333 3766; x_wconf 88' lang='lat' dir='ltr'>plicent;</span> <span class='ocrx_word' id='word_1_345' title='bbox 357 3695 392 3750; x_wconf 91' lang='lat' dir='ltr'>ad</span> <span class='ocrx_word' id='word_1_346' title='bbox 411 3693 485 3765; x_wconf 89' lang='lat' dir='ltr'>quod</span> <span class='ocrx_word' id='word_1_347' title='bbox 505 3694 559 3750; x_wconf 91' lang='lat' dir='ltr'>nisi</span> <span class='ocrx_word' id='word_1_348' title='bbox 577 3694 725 3768; x_wconf 86' lang='lat' dir='ltr'>diligenter</span> <span class='ocrx_word' id='word_1_349' title='bbox 743 3708 776 3749; x_wconf 89' lang='lat' dir='ltr'>ac</span> <span class='ocrx_word' id='word_1_350' title='bbox 794 3703 927 3766; x_wconf 89' lang='lat' dir='ltr'>perpetuo</span> <span class='ocrx_word' id='word_1_351' title='bbox 948 3695 1103 3751; x_wconf 88' lang='lat' dir='ltr'>attenderet</span> <span class='ocrx_word' id='word_1_352' title='bbox 1120 3696 1280 3768; x_wconf 81' lang='lat' dir='ltr'>theologus,</span> <span class='ocrx_word' id='word_1_353' title='bbox 1300 3711 1352 3752; x_wconf 92' lang='lat' dir='ltr'>non</span> 
     </span>
     <span class='ocr_line' id='line_1_38' title="bbox 215 3784 1352 3859; baseline 0.001 -19"><span class='ocrx_word' id='word_1_354' title='bbox 215 3794 289 3840; x_wconf 89' lang='lat' dir='ltr'>recte</span> <span class='ocrx_word' id='word_1_355' title='bbox 306 3785 467 3856; x_wconf 90' lang='lat' dir='ltr'>procederet</span> <span class='ocrx_word' id='word_1_356' title='bbox 482 3784 649 3856; x_wconf 85' lang='lat' dir='ltr'>disputatio,</span> <span class='ocrx_word' id='word_1_357' title='bbox 669 3793 751 3855; x_wconf 88' lang='lat' dir='ltr'>atque</span> <span class='ocrx_word' id='word_1_358' title='bbox 768 3784 907 3841; x_wconf 89' lang='lat' dir='ltr'>interdurn</span> <span class='ocrx_word' id='word_1_359' title='bbox 919 3787 1024 3857; x_wconf 87' lang='lat' dir='ltr'>aliquid</span> <span class='ocrx_word' id='word_1_360' title='bbox 1045 3787 1206 3843; x_wconf 91' lang='lat' dir='ltr'>detrimenti</span> <span class='ocrx_word' id='word_1_361' title='bbox 1223 3796 1352 3859; x_wconf 89' lang='lat' dir='ltr'>caperent</span> 
     </span>
     <span class='ocr_line' id='line_1_39' title="bbox 215 3874 1351 3950; baseline 0.004 -21"><span class='ocrx_word' id='word_1_362' title='bbox 215 3874 341 3945; x_wconf 86' lang='lat' dir='ltr'>quaedam</span> <span class='ocrx_word' id='word_1_363' title='bbox 354 3874 486 3931; x_wconf 87' lang='lat' dir='ltr'>doetrinae</span> <span class='ocrx_word' id='word_1_364' title='bbox 499 3876 601 3947; x_wconf 86' lang='lat' dir='ltr'>capita;</span> <span class='ocrx_word' id='word_1_365' title='bbox 611 3877 678 3947; x_wconf 92' lang='lat' dir='ltr'>quin</span> <span class='ocrx_word' id='word_1_366' title='bbox 690 3886 717 3932; x_wconf 88' lang='lat' dir='ltr'>et</span> <span class='ocrx_word' id='word_1_367' title='bbox 730 3887 909 3934; x_wconf 83' lang='lat' dir='ltr'>enervaretur</span> <span class='ocrx_word' id='word_1_368' title='bbox 924 3878 967 3934; x_wconf 88' lang='lat' dir='ltr'>vis</span> <span class='ocrx_word' id='word_1_369' title='bbox 980 3894 1042 3950; x_wconf 89' lang='lat' dir='ltr'>quae</span> <span class='ocrx_word' id='word_1_370' title='bbox 1052 3894 1150 3950; x_wconf 89' lang='lat' dir='ltr'>reapse</span> <span class='ocrx_word' id='word_1_371' title='bbox 1163 3879 1237 3934; x_wconf 89' lang='lat' dir='ltr'>inest</span> <span class='ocrx_word' id='word_1_372' title='bbox 1249 3878 1351 3934; x_wconf 90' lang='lat' dir='ltr'>adduc-</span> 
     </span>
     <span class='ocr_line' id='line_1_40' title="bbox 214 3965 1351 4040; baseline 0.002 -19"><span class='ocrx_word' id='word_1_373' title='bbox 214 3966 251 4022; x_wconf 93' lang='lat' dir='ltr'>tis</span> <span class='ocrx_word' id='word_1_374' title='bbox 264 3965 415 4036; x_wconf 85' lang='lat' dir='ltr'>Scripturae</span> <span class='ocrx_word' id='word_1_375' title='bbox 426 3965 504 4023; x_wconf 91' lang='lat' dir='ltr'>locis.</span> <span class='ocrx_word' id='word_1_376' title='bbox 519 3965 622 4021; x_wconf 83' lang='lat' dir='ltr'>Verum</span> <span class='ocrx_word' id='word_1_377' title='bbox 635 3967 682 4022; x_wconf 91' lang='lat' dir='ltr'>ubi</span> <span class='ocrx_word' id='word_1_378' title='bbox 702 3966 818 4023; x_wconf 88' lang='lat' dir='ltr'>idoneus</span> <span class='ocrx_word' id='word_1_379' title='bbox 831 3967 898 4024; x_wconf 93' lang='lat' dir='ltr'>ordo</span> <span class='ocrx_word' id='word_1_380' title='bbox 916 3977 1036 4035; x_wconf 92' lang='lat' dir='ltr'>tenetur,</span> <span class='ocrx_word' id='word_1_381' title='bbox 1055 3970 1185 4040; x_wconf 85' lang='lat' dir='ltr'>variaque</span> <span class='ocrx_word' id='word_1_382' title='bbox 1203 3969 1351 4040; x_wconf 79' lang='lat' dir='ltr'>Scriptura</span> 
     </span>
     <span class='ocr_line' id='line_1_41' title="bbox 214 4056 1350 4130; baseline 0.004 -20"><span class='ocrx_word' id='word_1_383' title='bbox 214 4056 274 4113; x_wconf 91' lang='lat' dir='ltr'>loca</span> <span class='ocrx_word' id='word_1_384' title='bbox 296 4057 481 4127; x_wconf 86' lang='lat' dir='ltr'>explanantur</span> <span class='ocrx_word' id='word_1_385' title='bbox 498 4073 624 4128; x_wconf 89' lang='lat' dir='ltr'>quoque,</span> <span class='ocrx_word' id='word_1_386' title='bbox 644 4067 676 4115; x_wconf 88' lang='lat' dir='ltr'>ut</span> <span class='ocrx_word' id='word_1_387' title='bbox 691 4074 737 4114; x_wconf 89' lang='lat' dir='ltr'>res</span> <span class='ocrx_word' id='word_1_388' title='bbox 749 4058 883 4130; x_wconf 90' lang='lat' dir='ltr'>postulat,</span> <span class='ocrx_word' id='word_1_389' title='bbox 903 4059 937 4114; x_wconf 92' lang='lat' dir='ltr'>ad</span> <span class='ocrx_word' id='word_1_390' title='bbox 956 4074 1081 4116; x_wconf 88' lang='lat' dir='ltr'>normam</span> <span class='ocrx_word' id='word_1_391' title='bbox 1100 4076 1200 4116; x_wconf 90' lang='lat' dir='ltr'>sensus</span> <span class='ocrx_word' id='word_1_392' title='bbox 1222 4060 1350 4116; x_wconf 85' lang='lat' dir='ltr'>Ecclesiae</span> 
     </span>
     <span class='ocr_line' id='line_1_42' title="bbox 213 4146 1349 4223; baseline 0.005 -23"><span class='ocrx_word' id='word_1_393' title='bbox 213 4147 415 4213; x_wconf 81' lang='lat' dir='ltr'>traditionalis,</span> <span class='ocrx_word' id='word_1_394' title='bbox 435 4146 506 4202; x_wconf 87' lang='lat' dir='ltr'>bene</span> <span class='ocrx_word' id='word_1_395' title='bbox 523 4163 553 4203; x_wconf 87' lang='lat' dir='ltr'>se</span> <span class='ocrx_word' id='word_1_396' title='bbox 576 4148 680 4204; x_wconf 90' lang='lat' dir='ltr'>habent</span> <span class='ocrx_word' id='word_1_397' title='bbox 691 4150 798 4218; x_wconf 89' lang='lat' dir='ltr'>omnia,</span> <span class='ocrx_word' id='word_1_398' title='bbox 818 4158 847 4205; x_wconf 93' lang='lat' dir='ltr'>et</span> <span class='ocrx_word' id='word_1_399' title='bbox 865 4165 899 4206; x_wconf 85' lang='lat' dir='ltr'>ex</span> <span class='ocrx_word' id='word_1_400' title='bbox 920 4150 977 4207; x_wconf 89' lang='lat' dir='ltr'>illis</span> <span class='ocrx_word' id='word_1_401' title='bbox 995 4151 1146 4223; x_wconf 89' lang='lat' dir='ltr'>plurimum</span> <span class='ocrx_word' id='word_1_402' title='bbox 1162 4151 1275 4222; x_wconf 85' lang='lat' dir='ltr'>juvatur</span> <span class='ocrx_word' id='word_1_403' title='bbox 1293 4151 1349 4207; x_wconf 91' lang='lat' dir='ltr'>dis·</span> 
     </span>
     <span class='ocr_line' id='line_1_43' title="bbox 215 4234 602 4309; baseline 0.01 -20"><span class='ocrx_word' id='word_1_404' title='bbox 215 4234 324 4306; x_wconf 90' lang='lat' dir='ltr'>ciplinae</span> <span class='ocrx_word' id='word_1_405' title='bbox 337 4235 498 4309; x_wconf 77' lang='lat' dir='ltr'>theologicae</span> <span class='ocrx_word' id='word_1_406' title='bbox 511 4253 602 4293; x_wconf 88' lang='lat' dir='ltr'>causa.</span> 
     </span>
    </p>
   </div>
   <div class='ocr_carea' id='block_1_3' title="bbox 212 4324 1348 4417">
    <p class='ocr_par' dir='ltr' id='par_1_4' title="bbox 212 4324 1348 4417">
     <span class='ocr_line' id='line_1_44' title="bbox 212 4324 1348 4417; baseline 0.008 -38"><span class='ocrx_word' id='word_1_407' title='bbox 212 4376 213 4379; x_wconf 74' lang='grc'>,</span> <span class='ocrx_word' id='word_1_408' title='bbox 251 4326 337 4382; x_wconf 85' lang='lat' dir='ltr'>Porro</span> <span class='ocrx_word' id='word_1_409' title='bbox 355 4324 506 4398; x_wconf 89' lang='lat' dir='ltr'>Scripturis</span> <span class='ocrx_word' id='word_1_410' title='bbox 523 4328 606 4386; x_wconf 89' lang='lat' dir='ltr'>etiam</span> <span class='ocrx_word' id='word_1_411' title='bbox 624 4331 725 4403; x_wconf 91' lang='lat' dir='ltr'>saepius</span> <span class='ocrx_word' id='word_1_412' title='bbox 736 4330 800 4402; x_wconf 84' lang='lat' dir='ltr'>jure</span> <span class='ocrx_word' id='word_1_413' title='bbox 818 4332 917 4390; x_wconf 88' lang='lat' dir='ltr'>merito</span> <span class='ocrx_word' id='word_1_414' title='bbox 930 4334 1019 4391; x_wconf 91' lang='lat' dir='ltr'>utitur</span> <span class='ocrx_word' id='word_1_415' title='bbox 1030 4334 1174 4407; x_wconf 86' lang='lat' dir='ltr'>theologus</span> <span class='ocrx_word' id='word_1_416' title='bbox 1186 4333 1216 4389; x_wconf 92' lang='lat' dir='ltr'>in</span> <span class='ocrx_word' id='word_1_417' title='bbox 1228 4332 1348 4417; x_wconf 71' lang='lat' dir='ltr'>refutan-</span> 
     </span>
    </p>
   </div>
   <div class='ocr_carea' id='block_1_4' title="bbox 0 0 1580 5160">
    <p class='ocr_par' dir='ltr' id='par_1_5' title="bbox 0 0 1580 5160">
     <span class='ocr_line' id='line_1_45' title="bbox 0 0 1580 5160; baseline 0 2"><span class='ocrx_word' id='word_1_418' title='bbox 0 0 1580 5160; x_wconf 95' lang='lat' dir='ltr'> </span> 
     </span>
    </p>
   </div>
  </div>
 </body>
</html>
