3150 5160
382 366 423 426 60
495 380 534 424 DE
548 379 588 425 tls
599 379 745 422 PATRIBUS
759 379 812 435 Qttt
828 378 899 424 POST
913 379 1004 423 AEvuu
1018 377 1223 423 nrosrontctttt
1239 376 1406 423 abundanti.

382 547 397 580 ι
417 527 458 582 Ειι
469 525 569 600 igitur,
591 542 643 583 nos
656 525 769 598 quidem
788 525 859 589 hanc
872 523 1066 582 sententiama
1082 523 1212 581 Patribus
1233 523 1267 580 ad
1281 522 1378 579 Patres
1391 525 1525 583 transisse

380 617 603 673 demonstramus
617 632 624 671 ε
638 629 688 672 vos
700 631 780 682 vero,
794 631 811 672 o
824 615 887 671 novi
906 613 992 671 ludaei
1006 623 1034 670 et
1047 613 1157 684 Caiphae
1177 614 1328 686 discipuli,
1343 630 1413 686 quos
1427 617 1525 674 Patres

381 708 429 780 qui
447 707 548 764 vestris
565 707 671 762 voculis
688 705 805 762 laverint
822 705 956 761 exhibere
974 704 1091 776 potestis
1106 703 1209 779 llll»

418 796 499 853 Nunc
510 804 603 851 autem
620 803 707 851 restat
725 803 755 851 ut
771 809 802 850 ea
815 810 876 865 quae
894 794 923 848 in
936 794 999 849 aliis
1019 794 1150 865 operibus
1170 795 1243 850 circa
1259 795 1328 852 illud
1342 797 1416 867 quod
1431 813 1526 854 versa-

382 904 445 944 mus
470 896 664 962 argumentum
691 885 785 942 docult
808 893 904 941 auctor
928 885 1027 940 leviter
1051 885 1231 957 attingamus.
1258 885 1415 942 Ecclesiam
1444 904 1526 959 porro

383 978 466 1034 habet
483 987 624 1049 tamquam
643 976 858 1032 christianorum
878 973 1039 1030 societatem
1056 975 1202 1045 episcopos
1221 975 1307 1032 duces
1326 992 1360 1032 ac
1378 978 1526 1051 magistros

382 1069 563 1133 sectantium,
577 1077 660 1140 atque
674 1068 757 1123 istius
778 1065 921 1122 societatis
939 1073 996 1120 tam
1015 1074 1118 1120 arctam
1139 1080 1203 1120 curn
1220 1064 1330 1122 Christo
1343 1066 1527 1123 necessitudi-

383 1173 448 1213 nem
469 1157 596 1222 affirmat,
619 1168 649 1212 ut
667 1157 715 1228 qui
732 1155 766 1211 ab
783 1155 830 1210 illa
843 1154 977 1211 dissideat
990 1170 1025 1211 nc
1038 1155 1207 1211 christianus
1227 1155 1339 1226 quidem
1353 1156 1409 1213 dici
1424 1157 1523 1229 possit.

383 1247 428 1303 Sic
442 1248 470 1302 in
484 1248 572 1319 Epist.
586 1246 621 1303 ad
638 1246 814 1318 Serapionem
834 1245 893 1300 ait:
914 1264 928 1297 u
944 1241 1139 1300 Verumtamen
1159 1243 1232 1301 haud
1247 1246 1282 1301 ah
1301 1261 1333 1302 re
1346 1245 1430 1304 luerit
1448 1257 1525 1304 vete·

384 1353 444 1393 rem
457 1338 572 1409 insuper
584 1336 774 1404 traditionem,
787 1338 992 1405 doctrinamque
1005 1352 1036 1390 uo
1049 1337 1130 1405 pidem
1142 1337 1278 1390 catholice
1296 1336 1420 1392 Ecclesia
1434 1337 1526 1394 inres-

384 1429 484 1502 ugare,
497 1443 579 1498 quam
594 1427 700 1483 scilicet
716 1426 848 1483 Dominus
870 1425 1003 1492 tradidit,
1026 1425 1149 1496 Apostoli
1173 1426 1376 1497 praedicavere,
1390 1437 1420 1484 et
1431 1429 1526 1484 Patres

384 1532 533 1571 urcooerc.
555 1516 585 1570 ln
603 1531 635 1571 ea
654 1516 728 1572 enirn
747 1514 869 1571 Ecclesia
888 1513 999 1570 iundata
1023 1524 1066 1572 est
1093 1513 1172 1588 (vera
1197 1516 1324 1572 doctrina
1346 1517 1381 1572 ab
1404 1517 1526 1574 Ecclesia

385 1607 494 1679 sejungi
516 1604 643 1679 nequit),
663 1621 677 1660 a
698 1619 750 1675 qua
769 1605 875 1675 siquis
897 1602 1042 1670 exciderit,
1068 1603 1092 1660 is
1114 1619 1166 1660 nec
1186 1620 1248 1661 esse
1264 1621 1318 1662 nec
1333 1606 1454 1678 amplius
1472 1607 1526 1664 dici

385 1697 556 1753 christianus
570 1696 626 1751 ulla
642 1695 750 1751 ratione
772 1694 872 1765 poterit
887 1692 945 1768 (h).
964 1714 978 1747 ι

422 1788 559 1857 Quoniam
584 1787 668 1860 igitur
689 1786 819 1843 Ecclesiae
840 1784 994 1842 doctrinam
1024 1801 1074 1843 ceu
1100 1787 1189 1859 ipsius
1214 1786 1317 1844 Christi
1344 1788 1442 1856 habet,
1465 1789 1527 1847 ideo

386 1894 509 1952 persaepe
527 1879 562 1935 de
579 1879 678 1935 alienis
697 1876 872 1950 dogmatibus
892 1876 933 1931 ait
956 1893 963 1932 :
983 1895 999 1930 ιι
1019 1877 1056 1932 Ea
1074 1894 1130 1935 non
1148 1887 1192 1934 est
1211 1878 1426 1935 christianorum
1444 1879 1527 1946 tides,

386 1971 446 2028 hec
458 1986 513 2026 non
535 1979 579 2026 est
596 1968 727 2027 Ecclesiae
741 1967 865 2024 doctrina
880 1964 967 2040 (5i·”
983 1966 1064 2023 —ln
1081 1969 1152 2024 Psal.
1167 1984 1232 2026 vero
1249 1969 1285 2025 88
1298 1971 1382 2026 verba
1400 1971 1475 2035 haec,
1492 1970 1527 2027 Et

386 2062 580 2130 thronusque
603 2063 673 2116 sicut
695 2061 735 2114 eol
757 2061 788 2128 iu
808 2065 949 2128 conspectu
972 2073 1044 2124 meo,
1067 2058 1212 2116 illustrans
1230 2059 1324 2116 dicit:
1346 2080 1360 2113 ιι
1383 2061 1528 2117 Thronum

386 2152 491 2209 Christi
508 2151 633 2224 intellige
646 2149 810 2214 Ecclesiam3
829 2150 862 2203 iu
878 2149 929 2204 illu
941 2150 1045 2219 quippe
1059 2151 1210 2220 requiescit.
1232 2151 1292 2206 Erit
1305 2151 1401 2224 igitur,
1417 2151 1525 2223 inquit,

387 2243 510 2299 Ecclesia
523 2241 626 2298 Christi
635 2240 743 2312 lnlgens
755 2248 783 2296 et
796 2239 957 2296 illuminans
967 2240 1062 2295 orbem
1070 2282 1078 2306 ‚
1087 2256 1250 2310 maneasque
1262 2243 1293 2296 iu
1306 2247 1436 2296 eternum
1449 2244 1521 2296 rictu

311 2323 312 2326 ¹
385 2337 426 2390 ool
438 2341 463 2389 et
481 2335 549 2389 lunc
571 2331 632 2404 (l).
648 2329 798 2386 »Ecclesia
817 2345 882 2403 ergo
898 2329 1015 2386 deficere
1035 2331 1147 2402 nequit,
1167 2332 1298 2402 quoniam
1311 2331 1440 2388 Christus
1454 2332 1483 2386 in
1496 2347 1529 2386 ea

386 2434 479 2482 manet
498 2439 613 2494 eamque
628 2421 733 2478 divinae
752 2437 809 2476 snae
827 2420 940 2476 virtutis
960 2421 1121 2492 participem
1145 2420 1238 2477 efficit.
1263 2421 1308 2477 Sic
1327 2429 1356 2476 et
1377 2421 1443 2476 alibi
1465 2421 1527 2477 ait:

387 2535 402 2568 u
416 2515 475 2570 Nisi
489 2514 563 2570 enim
577 2512 711 2568 Dominus
724 2511 901 2568 aedificaverit
918 2513 1045 2578 domum,
1060 2520 1089 2567 et
1102 2512 1435 2579 custodierit-civitatem,
1456 2512 1531 2569 irns-

384 2617 428 2662 tra
449 2607 575 2662 laborant
598 2603 778 2669 aedificantes,
803 2612 831 2658 et
852 2603 968 2676 vigilant
992 2603 1195 2666 custodientes.
1214 2604 1309 2674 ltaque
1331 2619 1393 2674 quae
1417 2604 1533 2673 quidem

385 2697 543 2754 ludaeorum
563 2705 658 2762 erant,
673 2694 789 2766 ,penitus
810 2703 875 2751 sunt
892 2693 1044 2760 dissoluta,
1063 2695 1166 2765 quippe
1186 2710 1250 2750 cum
1276 2708 1331 2749 non
1352 2693 1408 2748 nisi
1434 2695 1534 2750 umbra

385 2797 482 2846 essent
501 2805 508 2844 :
530 2790 642 2858 firntctu
658 2792 749 2841 nutem
771 2792 808 2839 ert
831 2785 965 2851 Ecclesia,
990 2791 1081 2855 utpote
1103 2801 1163 2856 quor
1185 2787 1217 2840 iu
1240 2790 1321 2855 petru
1343 2785 1463 2852 [nudato
1481 2792 1538 2849 cat,-

386 2897 470 2952 nequc
489 2885 575 2950 portu
591 2879 676 2946 lusori
701 2877 829 2931 murreus
855 2891 915 2930 eom
938 2875 1123 2946 prevalebunt
1151 2873 1209 2949 (5).
1233 2894 1248 2927 ιι
1276 2875 1405 2932 Proiecto
1425 2891 1461 2932 ex
1490 2877 1536 2934 his

386 2970 516 3026 omnibus
529 2969 609 3040 plane
619 2967 763 3023 coniicitur
777 2966 940 3029 Ecclesiam,
957 2974 1072 3021 auctore
1084 2965 1254 3031 Athanasio,
1268 2967 1346 3022 nulla
1359 2976 1440 3023 aetate
1450 2983 1535 3040 posse

387 3060 517 3132 quopiam
542 3073 636 3114 errore
657 3057 769 3122 foedari,
795 3057 844 3112 sed
867 3057 896 3111 in
919 3065 1082 3126 perpetuum
1106 3071 1316 3127 permansuram
1339 3071 1457 3129 eamque
1480 3074 1535 3131 pu·

387 3165 447 3205 ram
467 3162 577 3218 semper
594 3163 627 3203 ac
646 3147 780 3202 illibatam
800 3145 904 3201 Christi
926 3161 1068 3217 sponsam.

425 3238 581 3308 Scripturas
600 3237 696 3293 multis
712 3236 841 3291 laudibus
859 3234 996 3299 celebrat,
1015 3236 1205 3308 plurimasque
1224 3253 1258 3292 ex
1274 3238 1318 3293 bis
1338 3237 1443 3309 percipi
1456 3238 1535 3294 utili·

388 3339 459 3386 tates
475 3329 578 3400 saepius
597 3326 727 3393 affirmat3
748 3335 777 3381 at
790 3325 862 3382 idem
881 3336 973 3383 tamen
994 3325 1046 3381 bac
1066 3326 1094 3381 in
1117 3342 1147 3383 re
1166 3329 1251 3383 sentit
1268 3327 1340 3398 quod
1359 3327 1459 3399 reliqui
1479 3329 1534 3384 Pa·

389 3430 464 3486 tres,
486 3420 615 3491 quodque
634 3419 726 3475 dedita
745 3433 827 3490 opera
847 3427 902 3493 tam
922 3419 1054 3490 praeclare
1073 3418 1174 3474 evolvit
1193 3418 1398 3484 Tertullianus;
1416 3427 1532 3484 censet,

421 3645 429 3704 (
437 3644 465 3708 l)
478 3644 540 3693 lbid.
554 3659 581 3692 n·
594 3646 635 3692 2¹1.

420 3725 462 3787 (a)
473 3727 553 3788 Epist.
570 3729 585 3775 l
599 3727 632 3774 ud
647 3725 749 3787 serap..
763 3739 789 3773 n.
805 3726 847 3773 28.

420 3807 465 3872 (3)
478 3806 514 3858 Cl.
529 3810 600 3856 Orot.
615 3809 629 3855 l
644 3811 732 3855 contra
747 3809 866 3860 Arianos,
882 3820 907 3854 n.
921 3805 965 3862 36,
985 3805 1025 3854 58.

421 3889 467 3953 (l)
480 3904 494 3937 (t
507 3885 603 3956 Θρονον
621 3885 735 3955 Χριστου
754 3888 827 3937 iuven
844 3904 888 3938 την
911 3885 1058 3940 iaculantur·
1077 3880 1262 3933 ἐπαναπαυεται
1278 3900 1326 3951 γαρ
1348 3882 1422 3950 dorp.
1440 3880 1536 3936 Ἐσται

388 3967 443 4020 σὺν.
465 3982 552 4034 φησιν,
573 3966 589 4020 ἡ
611 3968 730 4020 iuncinum
748 3963 861 4034 Χριστοιι
880 3980 1107 4033 καταστραπτουσα
1127 3981 1170 4014 και
1189 3966 1331 4032 porticena
1346 3965 1386 4014 ὑπ’
1411 3964 1534 4034 ciperet,

387 4063 552 4116 >carpetanae
568 4042 684 4107 hunuano(
701 4050 733 4106 ὡς
751 4047 763 4096 ὁ
782 4048 850 4105 butor
869 4065 912 4097 και
932 4047 948 4101 ἡ
965 4053 1093 4103 orlavu-n

421 4133 463 4198 (5)
477 4150 491 4180 ιι
552 4130 595 4185 Ta
612 4148 690 4181 τοινιιν
709 4150 757 4180 των
778 4124 899 4182 lenierat
918 4135 1032 4180 λιλυται·
1048 4147 1107 4180 σκια
1118 4148 1166 4199 γαρ
1185 4150 1233 4186 ην·
1253 4148 1285 4181 τα
1297 4129 1324 4180 δε
1339 4149 1382 4188 της
1399 4131 1536 4191 iacularetur

386 4207 526 4283 ἡδρασται·
544 4217 717 4281 τεᾶεμελιιιται
738 4231 787 4281 qap
805 4214 842 4262 iau
860 4231 904 4267 την
924 4231 1029 4283 πεῖραν.
1052 4229 1094 4263 και
1111 4218 1187 4264 πυλαι
1206 4205 1269 4281 niden
1289 4213 1319 4263 οὑ
1342 4226 1537 4276 κατισχυσοιισιν

386 4296 475 4355 nurus·
490 4315 503 4347 u
516 4300 587 4348 Orat,
599 4300 625 4347 ll
638 4304 724 4347 contro
741 4298 865 4357 Arianos,
883 4311 911 4346 n·
928 4299 952 4346 l.
